3050 4484
620 485 744 548 saurus
765 487 817 533 m.

227 628 288 688 Res
312 635 430 704 angusta
452 626 542 694 domi;
565 625 617 686 sed
639 623 749 686 Romae
772 625 871 686 durior
891 625 950 684 illis
1160 639 1212 693 165
1334 692 1338 700 ,
1412 596 1413 629 r

228 710 370 772 Gonatus:
391 727 496 786 magno
518 709 673 788 hospitium
695 709 879 783 miserabile,
903 727 1007 785 magno

226 798 382 855 Servorum
402 803 537 869 ventres,
562 802 593 852 et
610 793 687 868 frugi
707 793 831 852 coenula
849 809 966 868 magno.

225 878 374 939 Fictilibus
396 895 523 962 coenare
546 877 650 954 pudet,
674 877 752 954 quod
773 885 858 954 turpe
877 874 997 952 negabit

225 962 391 1022 Translatus
414 961 509 1020 subito
526 959 562 1019 ad
583 957 697 1019 liarsos
718 975 905 1037 mensamque
925 958 1074 1018 Sabellam

225 1043 442 1121 Contentusque
458 1044 519 1104 illic
541 1051 648 1102 veneto
667 1043 799 1121 duroque
818 1042 943 1102 cucullo.
1157 1051 1213 1105 170

223 1129 294 1189 Pars
316 1145 418 1204 magna
438 1126 539 1186 ltaliae
563 1135 624 1202 est,
645 1127 669 1186 si
691 1144 791 1186 verum
812 1127 999 1201 admittimus,
1017 1127 1048 1184 in
1069 1143 1125 1204 qua

223 1211 315 1271 Nemo
338 1219 434 1287 togam
455 1199 554 1284 sirmit,
576 1211 631 1268 uisi
652 1219 790 1278 mortuus.
835 1210 902 1288 Ipsa
922 1210 1031 1268 dierum

223 1294 376 1354 Festorum
396 1293 654 1353 herbosooolitur
673 1294 697 1352 si
719 1293 833 1370 quando
855 1292 969 1352 theatro

223 1377 376 1452 Maiestas,
397 1377 572 1454 tandemque
592 1377 668 1436 redit
689 1377 726 1436 ad
745 1377 856 1455 pulpita
876 1384 974 1434 notum

223 1461 381 1535 Exodinm,
404 1478 489 1538 quum
511 1476 657 1537 personae
680 1459 816 1538 pallentis
836 1459 943 1518 hiatum
1159 1469 1211 1523 175

223 1544 255 1604 ln
275 1545 386 1622 gremio
408 1545 507 1608 matris
527 1543 663 1602 formidat
684 1544 809 1602 rusticus
830 1542 939 1601 inians:

223 1628 372 1706 Aequales
393 1627 508 1687 babitus
528 1627 590 1686 illic
611 1626 780 1704 similesque
801 1625 916 1686 ridebis
1043 1684 1045 1687 .

224 1711 410 1771 Orchestram
433 1719 461 1770 et
483 1710 635 1789 populum;
660 1710 731 1770 clari
753 1709 887 1770 velamen
906 1708 1026 1770 lionoris

224 1795 374 1855 Sufficiunt
394 1795 507 1854 tunicae
529 1794 645 1854 summis
666 1792 810 1853 aedilibus
828 1793 923 1861 albae.

222 1878 276 1939 llic
295 1877 368 1938 ultra
390 1879 469 1937 vires
492 1877 605 1938 habitus
626 1877 715 1945 nitor;
734 1877 782 1937 lric
802 1877 908 1956 aliquid
929 1878 995 1956 plus
1157 1887 1211 1942 180

224 1961 314 2035 Quam
341 1962 411 2021 satis
435 1971 480 2020 est
501 1962 642 2020 interdum
660 1960 759 2020 aliena
781 1963 899 2020 sumitur
920 1979 999 2020 arca.

224 2045 380 2106 Commune
404 2045 432 2104 id
453 2046 550 2104 vitium
574 2052 636 2112 est;
677 2043 725 2103 hic
746 2045 869 2104 vivimus
890 2043 1042 2104 ambitiosa

224 2129 397 2206 Paupertate
420 2145 537 2196 omnes;
575 2126 643 2205 quid
663 2136 692 2185 te
715 2125 834 2207 moror?
855 2128 949 2186 omnia
971 2127 1082 2188 Romae

225 2209 295 2272 Cum
315 2211 420 2290 pretio.
463 2211 538 2285 Quid
560 2211 629 2284 das,
652 2219 682 2270 ut
705 2209 828 2270 Cossum
849 2211 1003 2288 aliquando
1025 2208 1155 2272 salutes?

113 2342 121 2372 ,
223 2294 261 2356 Ut
283 2305 313 2354 te
334 2295 471 2372 respiciat
491 2295 590 2353 clauso
612 2292 737 2354 Veiento
760 2291 891 2354 labello?
1038 2336 1041 2341 .
1157 2304 1210 2359 135

222 2377 277 2439 llle
300 2379 380 2436 metit
399 2377 533 2452 barbam,
557 2377 665 2436 crinem
687 2377 735 2438 lric
757 2378 877 2456 deponit
897 2379 995 2437 amati:

222 2462 312 2522 Plena
335 2461 435 2520 domus
454 2459 520 2520 libis
541 2460 709 2529 venalibus;
730 2463 834 2539 accipe
855 2470 885 2520 et
906 2461 983 2520 istud
1079 2536 1081 2540 ι

222 2545 405 2605 Fermentum
428 2543 477 2603 tibi
498 2543 590 2604 habe:
612 2554 763 2622 praestare
786 2545 891 2605 tributa
913 2545 1038 2604 clientes

224 2627 361 2706 Cogimur
383 2637 412 2687 et
435 2628 518 2688 cultis
542 2645 651 2705 augere
674 2628 790 2707 peculia
812 2631 915 2688 servis.
993 2650 995 2655 ’

266 2712 337 2786 Quis
356 2713 437 2776 timet
458 2721 506 2772 aut
528 2713 619 2772 timuit
640 2713 738 2790 gelida
761 2711 920 2773 Praeneste
938 2713 1057 2789 ruinam,
1158 2723 1211 2777 190

223 2793 287 2854 Aut
304 2797 409 2873 positis
428 2813 583 2856 nemorosa
605 2797 680 2856 inter
702 2797 769 2872 iuga
789 2796 944 2871 Volsiniis,
966 2805 1015 2856 aut

224 2879 409 2958 simplicibus
431 2879 545 2956 Gabiis,
568 2888 615 2939 aut
635 2881 723 2957 proni
741 2878 856 2938 Tiburis
877 2877 966 2946 arce?

222 2961 285 3021 Nos
305 2963 405 3022 urbem
429 2963 548 3022 colimus
570 2964 647 3022 tenui
669 2963 789 3022 tibicine
809 2962 909 3022 fultam

222 3044 327 3122 Magna
345 3055 428 3124 parte
451 3047 509 3114 sui;
534 3064 597 3106 nam
617 3047 659 3106 sic
682 3045 846 3105 labentibus
868 3045 965 3104 obstat

222 3129 335 3189 Vilicus
358 3139 405 3209 et,
427 3129 537 3190 veteris
559 3131 649 3188 rimae
670 3147 755 3208 quum
777 3129 850 3192 texit
870 3129 986 3205 hiatum,
1158 3140 1209 3194 195

224 3215 355 3274 Securos
376 3215 520 3291 pendente
544 3213 624 3273 iubet
646 3213 773 3274 dormire
794 3213 883 3273 ruina.

223 3295 386 3357 Vivendum
408 3297 549 3372 estillic,
572 3297 621 3356 ubi
638 3297 715 3358 nulla
737 3295 883 3371 incendia,
905 3296 976 3358 nulli

224 3379 319 3440 Nocte
340 3388 443 3439 metus.
487 3379 545 3440 lam
562 3381 658 3459 poscit
679 3397 801 3459 aquam,
824 3381 880 3440 iam
901 3381 1007 3442 frivola
1027 3379 1165 3442 transfert

113 3481 115 3490 ’
225 3463 394 3539 Ucalegon,
417 3461 544 3523 tabulata
566 3464 617 3523 tibi
637 3465 691 3524 iam
713 3466 799 3524 tertia
820 3464 943 3525 fumant:

226 3547 268 3606 l'u
288 3547 399 3614 nescis;
422 3565 485 3606 nam
508 3548 532 3605 si
553 3547 689 3624 gradibus
706 3547 868 3626 trepidatur
887 3548 924 3608 ab
946 3548 1020 3624 imis,
1155 3555 1210 3609 200

226 3630 348 3691 Ultimus
369 3629 497 3704 ardebit,
519 3648 604 3708 quem
625 3631 723 3709 tegula
743 3632 806 3693 sola
826 3641 924 3692 tuetur

226 3715 253 3774 Α
276 3715 391 3794 pluvia,
411 3714 515 3774 molles
536 3713 584 3776 ubi
605 3716 727 3799 reddunt
748 3733 804 3778 ova
822 3714 984 3776 columbae.
