3050 4484
280 459 300 519 2
609 473 644 520 n.
661 473 733 520 run.
753 471 938 520 rnuannrns
973 515 976 520 .

280 612 419 672 Patricios
441 627 541 671 omnes
564 609 669 687 opibus
691 629 776 688 quum
797 620 940 688 provocet
959 629 1047 686 unus,
1326 676 1331 688 ι

282 695 345 768 Quo
369 694 505 754 tondente
527 695 625 770 gravis
647 695 742 753 iuveni
763 694 830 753 mihi
852 693 942 754 barba
964 695 1099 761 sonabat;
1227 705 1262 756 25

281 777 373 852 Quum
395 795 463 856 pars
485 776 615 837 Niliacae
641 777 753 856 plebis,
782 795 867 856 quum
888 795 976 837 verna
998 777 1109 857 Canopi

282 859 446 939 Crispinus,
469 860 571 934 Tyrias
593 861 712 920 humero
735 870 893 921 revocante
917 861 1066 937 lacernas,

280 945 410 1004 Ventilet
431 946 572 1004 aestivum
593 943 689 1020 digitis
712 943 879 1004 sudantibus
902 963 1017 1019 aurum,

280 1027 344 1088 Nec
367 1028 490 1088 sull‘erre
511 1036 598 1106 queat
617 1029 738 1089 maioris
757 1027 887 1105 pondera
909 1045 1054 1104 gemmae:

279 1111 407 1172 Difficile
431 1120 476 1171 est
497 1111 613 1170 satiram
632 1127 689 1170 non
712 1109 854 1170 scribere.
892 1110 1046 1189 Nam-quis
1069 1112 1183 1189 iniquae
1226 1121 1263 1174 30

280 1195 349 1255 Tam
370 1196 484 1274 patiens
502 1193 598 1270 urbis,
621 1203 677 1254 tanr
700 1194 830 1270 lerneus,
855 1204 883 1254 ut
904 1203 1003 1256 teneat
1023 1213 1073 1270 se,

280 1277 426 1340 Causidici
447 1295 522 1337 nova
545 1295 630 1355 quum
652 1277 749 1337 veniat
772 1277 877 1338 lectica
899 1277 1040 1337 Mathonis

279 1363 367 1423 Plena
389 1363 469 1441 ipso;
490 1370 557 1440 post
579 1361 654 1420 hunc
677 1363 773 1438 magni
795 1362 908 1422 delator
930 1363 1013 1421 amici

229 1457 235 1497 ἰ
278 1447 316 1506 Et
337 1447 394 1506 cito
417 1455 550 1524 rapturus
572 1444 608 1504 de
630 1443 781 1504 nobilitate
801 1462 920 1505 comesa

279 1530 363 1604 Quod
381 1537 528 1608 superest,
544 1547 628 1606 quem
641 1527 737 1588 llasaa
752 1531 842 1604 timet,
860 1539 945 1608 quem
960 1545 1077 1586 munere
1092 1528 1190 1606 palpat
1226 1536 1269 1600 35,

280 1612 370 1672 Carus
394 1622 423 1672 et
445 1631 461 1672 a
480 1613 595 1689 trepido
619 1611 758 1687 Thymele
782 1613 932 1671 summissa
952 1610 1066 1676 hatino;
1229 1611 1233 1618 '

279 1697 371 1770 Quum
394 1705 422 1754 te
446 1703 659 1769 summoveant,
684 1697 731 1772 qui
753 1703 923 1754 testamenta
943 1702 1090 1752 merentur

278 1778 437 1854 Noctibus,
459 1779 488 1837 in
510 1777 625 1837 coelum
648 1795 722 1856 quos
746 1777 843 1836 evehit
865 1779 971 1855 optima
995 1772 1094 1834 summi

277 1861 359 1922 Nunc
379 1863 425 1922 via
445 1877 619 1940 processus,
632 1860 759 1921 -vetulae
779 1862 878 1920 vesica
897 1856 1022 1920 beatae?

277 1945 429 2008 Unciolam
451 1943 619 2004 Proculeius
642 1943 745 2021 habet,
770 1945 823 2004 sed
846 1943 922 2004 Gillo
945 1944 1100 2019 deuncem,
1228 1953 1265 2005 to

277 2030 379 2090 Partes
403 2029 527 2108 quiaque
550 2045 634 2103 suas,
658 2027 693 2088 ad
716 2045 878 2088 mensurans
899 2029 1024 2105 inguinis
1043 2027 1140 2088 heres.

279 2113 412 2191 Accipiat
434 2129 503 2173 sane
525 2111 692 2172 mercedem
713 2113 862 2189 sanguinis
883 2120 915 2171 et
936 2113 980 2171 sic

278 2197 407 2271 Palleat,
430 2205 461 2255 nt
480 2195 562 2256 nudis
585 2197 694 2274 pressit
714 2198 763 2274 qui
784 2194 914 2255 calcibus
937 2212 1076 2271 anguem,

278 2282 336 2340 Aut
356 2279 577 2357 Lugdunensem
599 2279 699 2339 rhetor
719 2279 848 2350 dicturus
870 2280 906 2340 ad
928 2278 1020 2339 aram!

279 2364 353 2438 Quid
374 2363 515 2440 referam,
539 2371 644 2443 quanta
667 2363 776 2424 siccum
797 2365 879 2423 iecur
894 2363 997 2423 ardeat
1015 2363 1074 2437 ira,
1228 2369 1262 2422 45
1376 2378 1380 2383 ·

278 2447 370 2521 Quum
386 2448 525 2526 populum
545 2447 685 2524 gregibus
708 2449 842 2507 comitum
864 2447 968 2526 promit
987 2446 1034 2506 bic
1057 2444 1199 2524 spoliator

278 2530 382 2608 Popilli
404 2533 578 2609 prostantis,
601 2539 630 2590 et
651 2531 699 2591 hic
721 2530 868 2591 damnatus
890 2531 966 2590 inani

276 2613 386 2674 Iudicio
410 2611 494 2692 (quid
517 2615 591 2672 eninr
613 2614 701 2674 salvis
725 2615 839 2675 iniamia
861 2610 1017 2690 nummisi)
1129 2664 1131 2676 .

159 2733 161 2738 ·
277 2695 352 2756 Exul
384 2697 420 2757 ab
449 2705 552 2756 octava
573 2695 679 2756 illarius
699 2697 771 2757 bibit
793 2706 824 2756 et
843 2697 945 2757 inuitur
967 2695 1012 2754 dis

276 2780 374 2840 lratis:
398 2789 426 2840 at
446 2789 476 2839 tn
495 2782 599 2840 victrix
621 2782 771 2858 provincia
792 2780 908 2859 ploras!
991 2801 994 2805 ¹
1228 2789 1265 2840 5ο

276 2863 357 2924 haec
378 2880 435 2940 ego
458 2881 516 2924 non
535 2864 650 2924 credam
671 2864 819 2924 Venusina
839 2864 924 2941 digua
940 2857 1081 2923 lucerna?

276 2947 357 3008 llaec
379 2963 436 3024 ego
458 2965 516 3007 non
536 2945 664 3036 agitem?
687 2949 739 3008 sed
759 2947 827 3026 quid
847 2950 940 3024 magis
961 2943 1129 3019 lleracleas,

276 3031 334 3090 Aut
355 3030 549 3108 Diomedeas,
573 3041 621 3092 aut
643 3033 780 3109 mugitum
812 3031 966 3106 labyrinthi

276 3115 314 3175 Et
334 3131 413 3175 mare
436 3133 606 3194 percussum
628 3133 720 3194 puero
740 3115 911 3193 fabrumque
932 3113 1093 3187 volantem,

277 3199 371 3273 Quum
393 3198 461 3259 leno
481 3201 605 3277 accipiat
626 3198 741 3259 moechi
762 3198 853 3274 bona,
876 3200 900 3257 si
923 3195 1056 3276 capiendi
1226 3205 1262 3257 55

276 3281 324 3342 lus
347 3282 455 3343 nullum
477 3284 577 3357 uxori,
601 3282 704 3342 doctus
727 3291 865 3360 spectare
888 3281 1022 3355 lacunar,

275 3367 389 3426 Doctus
410 3375 440 3426 et
459 3366 496 3426 ad
518 3365 639 3425 calicem
663 3365 793 3443 vigilanti
814 3373 941 3424 stertere
959 3379 1047 3432 naso;

277 3450 370 3523 Quum
392 3449 436 3510 ias
456 3467 524 3510 esse
543 3458 626 3528 putet
647 3467 745 3509 curam
766 3465 887 3527 sperare
910 3447 1056 3524 cohortis,

278 3533 333 3606 Qui
355 3533 431 3594 bona
455 3533 572 3594 donavit
593 3531 786 3612 praesepibus
808 3540 839 3592 et
860 3541 941 3592 carot
961 3532 1036 3592 omni

276 3615 415 3676 Malorum
438 3635 544 3692 censu,
568 3617 634 3678 dum
656 3616 793 3697 pervolat
815 3634 870 3678 ane
890 3617 980 3676 citato
1226 3621 1263 3674 60

275 3699 441 3761 Flaminiam
462 3719 534 3780 puer
556 3699 754 3772 Automedom
774 3719 838 3764 narn
859 3701 923 3762 lora
943 3699 1061 3760 tenebat
