<?xml version="1.0" encoding="UTF-8"?>
<!DOCTYPE html PUBLIC "-//W3C//DTD XHTML 1.0 Transitional//EN"
    "http://www.w3.org/TR/xhtml1/DTD/xhtml1-transitional.dtd">
<html xmlns="http://www.w3.org/1999/xhtml" xml:lang="en" lang="en">
 <head>
  <title>
</title>
<meta http-equiv="Content-Type" content="text/html;charset=utf-8" />
  <meta name='ocr-system' content='tesseract 3.04.00' />
  <meta name='ocr-capabilities' content='ocr_page ocr_carea ocr_par ocr_line ocrx_word'/>
</head>
<body>
  <div class='ocr_page' id='page_1' title='image "./satirarumlibriq00hermgoog_0055.png"; bbox 0 0 3050 4484; ppageno 0'>
   <div class='ocr_carea' id='block_1_1' title="bbox 638 493 889 544">
    <p class='ocr_par' dir='ltr' id='par_1_1' title="bbox 638 493 889 544">
     <span class='ocr_line' id='line_1_1' title="bbox 638 493 889 544; baseline 0.008 -2"><span class='ocrx_word' id='word_1_1' title='bbox 638 493 764 542; x_wconf 79' lang='lat' dir='ltr'><strong>sauma</strong></span> <span class='ocrx_word' id='word_1_2' title='bbox 785 495 832 544; x_wconf 76' lang='lat' dir='ltr'><strong>[V.</strong></span> <span class='ocrx_word' id='word_1_3' title='bbox 884 513 889 524; x_wconf 82' lang='lat'><strong><em>¹</em></strong></span> 
     </span>
    </p>
   </div>
   <div class='ocr_carea' id='block_1_2' title="bbox 240 587 964 714">
    <p class='ocr_par' dir='ltr' id='par_1_2' title="bbox 240 587 964 714">
     <span class='ocr_line' id='line_1_2' title="bbox 240 587 964 714; baseline 0.011 -26"><span class='ocrx_word' id='word_1_4' title='bbox 240 629 312 689; x_wconf 89' lang='lat' dir='ltr'><strong>Nam</strong></span> <span class='ocrx_word' id='word_1_5' title='bbox 334 632 401 692; x_wconf 89' lang='lat' dir='ltr'><strong>mibi</strong></span> <span class='ocrx_word' id='word_1_6' title='bbox 425 641 566 694; x_wconf 89' lang='lat' dir='ltr'><strong>commota</strong></span> <span class='ocrx_word' id='word_1_7' title='bbox 588 587 748 694; x_wconf 81' lang='lat' dir='ltr'><strong>iamdudum</strong></span> <span class='ocrx_word' id='word_1_8' title='bbox 771 635 860 695; x_wconf 89' lang='lat' dir='ltr'><strong>mullo</strong></span> <span class='ocrx_word' id='word_1_9' title='bbox 881 639 964 714; x_wconf 75' lang='lat' dir='ltr'><strong>virga</strong></span> 
     </span>
    </p>
   </div>
   <div class='ocr_carea' id='block_1_3' title="bbox 239 713 1230 1132">
    <p class='ocr_par' dir='ltr' id='par_1_3' title="bbox 241 713 1090 798">
     <span class='ocr_line' id='line_1_3' title="bbox 241 713 1090 798; baseline 0.012 -26"><span class='ocrx_word' id='word_1_10' title='bbox 241 713 360 790; x_wconf 79' lang='lat' dir='ltr'><strong>Annuit:</strong></span> <span class='ocrx_word' id='word_1_11' title='bbox 388 734 460 794; x_wconf 79' lang='lat' dir='ltr'><strong>ergo</strong></span> <span class='ocrx_word' id='word_1_12' title='bbox 483 717 550 777; x_wconf 87' lang='lat' dir='ltr'><strong>vale</strong></span> <span class='ocrx_word' id='word_1_13' title='bbox 572 719 664 776; x_wconf 86' lang='lat' dir='ltr'><strong>nostri</strong></span> <span class='ocrx_word' id='word_1_14' title='bbox 684 736 809 793; x_wconf 83' lang='lat' dir='ltr'><strong>memor,</strong></span> <span class='ocrx_word' id='word_1_15' title='bbox 833 729 863 778; x_wconf 85' lang='lat' dir='ltr'><strong>et</strong></span> <span class='ocrx_word' id='word_1_16' title='bbox 883 723 997 798; x_wconf 86' lang='lat' dir='ltr'><strong>quoties</strong></span> <span class='ocrx_word' id='word_1_17' title='bbox 1022 731 1052 782; x_wconf 88' lang='lat' dir='ltr'><strong>te</strong></span> <span class='ocrx_word' id='word_1_18' title='bbox 1087 744 1090 749; x_wconf 62' lang='grc'><strong><em>’</em></strong></span> 
     </span>
    </p>

    <p class='ocr_par' dir='ltr' id='par_1_4' title="bbox 240 797 1010 882">
     <span class='ocr_line' id='line_1_4' title="bbox 240 797 1010 882; baseline 0.012 -26"><span class='ocrx_word' id='word_1_19' title='bbox 240 797 331 864; x_wconf 86' lang='lat' dir='ltr'><strong>Roma</strong></span> <span class='ocrx_word' id='word_1_20' title='bbox 354 807 403 858; x_wconf 93' lang='lat' dir='ltr'><strong>tuo</strong></span> <span class='ocrx_word' id='word_1_21' title='bbox 426 801 508 860; x_wconf 83' lang='lat' dir='ltr'><strong>refici</strong></span> <span class='ocrx_word' id='word_1_22' title='bbox 529 811 734 880; x_wconf 79' lang='lat' dir='ltr'><strong>properantem</strong></span> <span class='ocrx_word' id='word_1_23' title='bbox 753 803 860 863; x_wconf 83' lang='lat' dir='ltr'><strong>reddet</strong></span> <span class='ocrx_word' id='word_1_24' title='bbox 883 805 1010 882; x_wconf 81' lang='lat' dir='ltr'><strong>Aquino,</strong></span> 
     </span>
    </p>

    <p class='ocr_par' dir='ltr' id='par_1_5' title="bbox 239 879 1230 1132">
     <span class='ocr_line' id='line_1_5' title="bbox 240 879 1230 968; baseline 0.016 -29"><span class='ocrx_word' id='word_1_25' title='bbox 240 879 286 940; x_wconf 87' lang='lat' dir='ltr'><strong>ble</strong></span> <span class='ocrx_word' id='word_1_26' title='bbox 311 900 427 961; x_wconf 88' lang='lat' dir='ltr'><strong>quoque</strong></span> <span class='ocrx_word' id='word_1_27' title='bbox 450 885 485 944; x_wconf 94' lang='lat' dir='ltr'><strong>ad</strong></span> <span class='ocrx_word' id='word_1_28' title='bbox 503 885 652 945; x_wconf 89' lang='lat' dir='ltr'><strong>Helvinam</strong></span> <span class='ocrx_word' id='word_1_29' title='bbox 670 883 810 947; x_wconf 76' lang='lat' dir='ltr'>Cererem</span> <span class='ocrx_word' id='word_1_30' title='bbox 830 898 1016 968; x_wconf 84' lang='lat' dir='ltr'><strong>vestramque</strong></span> <span class='ocrx_word' id='word_1_31' title='bbox 1034 889 1153 951; x_wconf 83' lang='lat' dir='ltr'><strong>Dianam</strong></span> <span class='ocrx_word' id='word_1_32' title='bbox 1176 901 1230 955; x_wconf 76' lang='lat'><strong>3⁶20</strong></span> 
     </span>
     <span class='ocr_line' id='line_1_6' title="bbox 241 961 1132 1053; baseline 0.011 -30"><span class='ocrx_word' id='word_1_33' title='bbox 241 961 386 1025; x_wconf 78' lang='lat' dir='ltr'><strong>Converte</strong></span> <span class='ocrx_word' id='word_1_34' title='bbox 410 985 426 1027; x_wconf 88' lang='lat' dir='ltr'><strong>a</strong></span> <span class='ocrx_word' id='word_1_35' title='bbox 448 967 559 1028; x_wconf 82' lang='lat' dir='ltr'><strong>Gumis:</strong></span> <span class='ocrx_word' id='word_1_36' title='bbox 582 971 732 1030; x_wconf 86' lang='lat' dir='ltr'><strong>satirarum</strong></span> <span class='ocrx_word' id='word_1_37' title='bbox 756 988 829 1048; x_wconf 79' lang='lat' dir='ltr'><strong>ego,</strong></span> <span class='ocrx_word' id='word_1_38' title='bbox 854 974 882 1031; x_wconf 87' lang='lat' dir='ltr'><strong>ni</strong></span> <span class='ocrx_word' id='word_1_39' title='bbox 904 973 995 1050; x_wconf 89' lang='lat' dir='ltr'><strong>pudet</strong></span> <span class='ocrx_word' id='word_1_40' title='bbox 1015 973 1094 1051; x_wconf 86' lang='lat' dir='ltr'><strong>illas,</strong></span> <span class='ocrx_word' id='word_1_41' title='bbox 1130 1048 1132 1053; x_wconf 23' lang='grc' dir='ltr'>Ι</span> 
     </span>
     <span class='ocr_line' id='line_1_7' title="bbox 239 1042 1056 1132; baseline 0.012 -25"><span class='ocrx_word' id='word_1_42' title='bbox 239 1049 363 1109; x_wconf 80' lang='lat' dir='ltr'><strong>Adiutor</strong></span> <span class='ocrx_word' id='word_1_43' title='bbox 384 1052 501 1128; x_wconf 83' lang='lat' dir='ltr'><strong>gelidos</strong></span> <span class='ocrx_word' id='word_1_44' title='bbox 522 1055 635 1114; x_wconf 85' lang='lat' dir='ltr'><strong>veniam</strong></span> <span class='ocrx_word' id='word_1_45' title='bbox 658 1055 800 1132; x_wconf 81' lang='lat' dir='ltr'><strong>caligatus</strong></span> <span class='ocrx_word' id='word_1_46' title='bbox 823 1057 852 1114; x_wconf 90' lang='lat' dir='ltr'><strong>in</strong></span> <span class='ocrx_word' id='word_1_47' title='bbox 874 1073 973 1132; x_wconf 81' lang='lat' dir='ltr'><strong>agros.</strong></span> <span class='ocrx_word' id='word_1_48' title='bbox 1053 1042 1056 1063; x_wconf 72' lang='lat'><strong>¹</strong></span> 
     </span>
    </p>
   </div>
   <div class='ocr_carea' id='block_1_4' title="bbox 633 1257 827 1268">
    <p class='ocr_par' dir='ltr' id='par_1_6' title="bbox 633 1257 827 1268">
     <span class='ocr_line' id='line_1_8' title="bbox 633 1257 827 1268; baseline 0 0"><span class='ocrx_word' id='word_1_49' title='bbox 633 1257 827 1268; x_wconf 66' lang='lat' dir='ltr'><strong>——u——uu—</strong></span> 
     </span>
    </p>
   </div>
   <div class='ocr_carea' id='block_1_5' title="bbox 577 1403 903 1469">
    <p class='ocr_par' dir='ltr' id='par_1_7' title="bbox 577 1403 903 1469">
     <span class='ocr_line' id='line_1_9' title="bbox 577 1403 903 1469; baseline -0.003 -1"><span class='ocrx_word' id='word_1_50' title='bbox 577 1403 810 1468; x_wconf 85' lang='lat' dir='ltr'><strong>SATIRA</strong></span> <span class='ocrx_word' id='word_1_51' title='bbox 843 1405 903 1469; x_wconf 88' lang='lat' dir='ltr'><strong>IV.</strong></span> 
     </span>
    </p>
   </div>
   <div class='ocr_carea' id='block_1_6' title="bbox 239 1501 1294 2952">
    <p class='ocr_par' dir='ltr' id='par_1_8' title="bbox 239 1501 1134 1699">
     <span class='ocr_line' id='line_1_10' title="bbox 239 1501 1134 1614; baseline 0.004 -20"><span class='ocrx_word' id='word_1_52' title='bbox 239 1501 325 1594; x_wconf 73' lang='lat' dir='ltr'><strong>Ecce</strong></span> <span class='ocrx_word' id='word_1_53' title='bbox 347 1535 449 1594; x_wconf 83' lang='lat' dir='ltr'><strong>iterum</strong></span> <span class='ocrx_word' id='word_1_54' title='bbox 477 1533 643 1613; x_wconf 77' lang='lat' dir='ltr'><strong>Crispinus,</strong></span> <span class='ocrx_word' id='word_1_55' title='bbox 668 1545 697 1596; x_wconf 90' lang='lat' dir='ltr'><strong>et</strong></span> <span class='ocrx_word' id='word_1_56' title='bbox 718 1545 763 1596; x_wconf 90' lang='lat' dir='ltr'><strong>est</strong></span> <span class='ocrx_word' id='word_1_57' title='bbox 782 1534 850 1594; x_wconf 91' lang='lat' dir='ltr'><strong>mihi</strong></span> <span class='ocrx_word' id='word_1_58' title='bbox 872 1552 963 1614; x_wconf 87' lang='lat' dir='ltr'><strong>saepe</strong></span> <span class='ocrx_word' id='word_1_59' title='bbox 985 1538 1134 1600; x_wconf 80' lang='lat' dir='ltr'><strong>vocandus</strong></span> 
     </span>
     <span class='ocr_line' id='line_1_11' title="bbox 240 1619 1041 1699; baseline 0.006 -23"><span class='ocrx_word' id='word_1_60' title='bbox 240 1619 284 1678; x_wconf 82' lang='lat' dir='ltr'><strong>Ad</strong></span> <span class='ocrx_word' id='word_1_61' title='bbox 307 1627 422 1695; x_wconf 86' lang='lat' dir='ltr'><strong>partes,</strong></span> <span class='ocrx_word' id='word_1_62' title='bbox 449 1627 606 1678; x_wconf 87' lang='lat' dir='ltr'><strong>monstrum</strong></span> <span class='ocrx_word' id='word_1_63' title='bbox 630 1620 709 1680; x_wconf 91' lang='lat' dir='ltr'><strong>nulla</strong></span> <span class='ocrx_word' id='word_1_64' title='bbox 732 1622 839 1684; x_wconf 80' lang='lat' dir='ltr'><strong>virtute</strong></span> <span class='ocrx_word' id='word_1_65' title='bbox 859 1619 1041 1699; x_wconf 92' lang='lat' dir='ltr'><strong>redemptum</strong></span> 
     </span>
    </p>

    <p class='ocr_par' dir='ltr' id='par_1_9' title="bbox 241 1702 917 1781">
     <span class='ocr_line' id='line_1_12' title="bbox 241 1702 917 1781; baseline 0.003 -21"><span class='ocrx_word' id='word_1_66' title='bbox 241 1703 266 1760; x_wconf 79' lang='grc' dir='ltr'><strong>Α</strong></span> <span class='ocrx_word' id='word_1_67' title='bbox 289 1703 382 1776; x_wconf 85' lang='lat' dir='ltr'><strong>vitiis,</strong></span> <span class='ocrx_word' id='word_1_68' title='bbox 405 1719 513 1780; x_wconf 79' lang='lat' dir='ltr'><strong>aegrae</strong></span> <span class='ocrx_word' id='word_1_69' title='bbox 536 1703 658 1781; x_wconf 76' lang='lat' dir='ltr'><strong>solaque</strong></span> <span class='ocrx_word' id='word_1_70' title='bbox 682 1702 801 1764; x_wconf 85' lang='lat' dir='ltr'><strong>libidine</strong></span> <span class='ocrx_word' id='word_1_71' title='bbox 822 1703 917 1763; x_wconf 83' lang='lat' dir='ltr'><strong>fortes</strong></span> 
     </span>
    </p>

    <p class='ocr_par' dir='ltr' id='par_1_10' title="bbox 239 1785 1294 2436">
     <span class='ocr_line' id='line_1_13' title="bbox 239 1785 1294 1866; baseline 0.003 -22"><span class='ocrx_word' id='word_1_72' title='bbox 239 1785 385 1844; x_wconf 83' lang='lat' dir='ltr'><strong>Deliciae:</strong></span> <span class='ocrx_word' id='word_1_73' title='bbox 408 1787 509 1847; x_wconf 88' lang='lat' dir='ltr'><strong>viduas</strong></span> <span class='ocrx_word' id='word_1_74' title='bbox 533 1795 639 1847; x_wconf 86' lang='lat' dir='ltr'><strong>tantum</strong></span> <span class='ocrx_word' id='word_1_75' title='bbox 660 1797 815 1866; x_wconf 71' lang='lat' dir='ltr'><strong>spernatur</strong></span> <span class='ocrx_word' id='word_1_76' title='bbox 837 1786 963 1848; x_wconf 83' lang='lat' dir='ltr'><strong>adulter.</strong></span> <span class='ocrx_word' id='word_1_77' title='bbox 1287 1854 1294 1866; x_wconf 17' lang='grc' dir='ltr'>ἱ</span> 
     </span>
     <span class='ocr_line' id='line_1_14' title="bbox 241 1869 1229 1950; baseline 0.003 -22"><span class='ocrx_word' id='word_1_78' title='bbox 241 1869 314 1942; x_wconf 81' lang='lat' dir='ltr'><strong>Quid</strong></span> <span class='ocrx_word' id='word_1_79' title='bbox 337 1869 428 1928; x_wconf 88' lang='lat' dir='ltr'><strong>relert</strong></span> <span class='ocrx_word' id='word_1_80' title='bbox 449 1871 552 1946; x_wconf 82' lang='lat' dir='ltr'><strong>igitur,</strong></span> <span class='ocrx_word' id='word_1_81' title='bbox 577 1871 689 1950; x_wconf 87' lang='lat' dir='ltr'><strong>quantis</strong></span> <span class='ocrx_word' id='word_1_82' title='bbox 711 1873 837 1931; x_wconf 85' lang='lat' dir='ltr'><strong>iumenta</strong></span> <span class='ocrx_word' id='word_1_83' title='bbox 858 1870 964 1948; x_wconf 80' lang='lat' dir='ltr'><strong>fatiget</strong></span> <span class='ocrx_word' id='word_1_84' title='bbox 1211 1886 1229 1937; x_wconf 83' lang='lat'>5</span> 
     </span>
     <span class='ocr_line' id='line_1_15' title="bbox 239 1953 1052 2034; baseline 0.005 -22"><span class='ocrx_word' id='word_1_85' title='bbox 239 1953 418 2034; x_wconf 80' lang='lat' dir='ltr'><strong>Porticibos,</strong></span> <span class='ocrx_word' id='word_1_86' title='bbox 443 1963 546 2031; x_wconf 85' lang='lat' dir='ltr'><strong>quanta</strong></span> <span class='ocrx_word' id='word_1_87' title='bbox 569 1971 716 2014; x_wconf 86' lang='lat' dir='ltr'><strong>nemorum</strong></span> <span class='ocrx_word' id='word_1_88' title='bbox 736 1964 870 2014; x_wconf 83' lang='lat' dir='ltr'><strong>vectetur</strong></span> <span class='ocrx_word' id='word_1_89' title='bbox 891 1956 919 2012; x_wconf 91' lang='lat' dir='ltr'><strong>in</strong></span> <span class='ocrx_word' id='word_1_90' title='bbox 942 1954 1052 2032; x_wconf 87' lang='lat' dir='ltr'><strong>umbra,</strong></span> 
     </span>
     <span class='ocr_line' id='line_1_16' title="bbox 240 2036 1029 2115; baseline 0 -19"><span class='ocrx_word' id='word_1_91' title='bbox 240 2036 345 2114; x_wconf 83' lang='lat' dir='ltr'><strong>lugere</strong></span> <span class='ocrx_word' id='word_1_92' title='bbox 367 2046 436 2113; x_wconf 85' lang='lat' dir='ltr'><strong>quot</strong></span> <span class='ocrx_word' id='word_1_93' title='bbox 455 2038 550 2098; x_wconf 84' lang='lat' dir='ltr'><strong>vicina</strong></span> <span class='ocrx_word' id='word_1_94' title='bbox 572 2038 652 2113; x_wconf 87' lang='lat' dir='ltr'><strong>loro,</strong></span> <span class='ocrx_word' id='word_1_95' title='bbox 676 2055 747 2115; x_wconf 88' lang='lat' dir='ltr'><strong>quas</strong></span> <span class='ocrx_word' id='word_1_96' title='bbox 770 2039 873 2098; x_wconf 86' lang='lat' dir='ltr'><strong>emerit</strong></span> <span class='ocrx_word' id='word_1_97' title='bbox 896 2036 1006 2097; x_wconf 81' lang='lat' dir='ltr'><strong>aedes?</strong></span> <span class='ocrx_word' id='word_1_98' title='bbox 1026 2044 1029 2052; x_wconf 85' lang='lat'>&#39;</span> 
     </span>
     <span class='ocr_line' id='line_1_17' title="bbox 240 2119 1020 2198; baseline 0.003 -20"><span class='ocrx_word' id='word_1_99' title='bbox 240 2119 330 2179; x_wconf 89' lang='lat' dir='ltr'><strong>Nemo</strong></span> <span class='ocrx_word' id='word_1_100' title='bbox 353 2119 444 2178; x_wconf 88' lang='lat' dir='ltr'><strong>malus</strong></span> <span class='ocrx_word' id='word_1_101' title='bbox 471 2121 556 2195; x_wconf 83' lang='lat' dir='ltr'><strong>felix,</strong></span> <span class='ocrx_word' id='word_1_102' title='bbox 580 2122 694 2180; x_wconf 88' lang='lat' dir='ltr'><strong>minime</strong></span> <span class='ocrx_word' id='word_1_103' title='bbox 717 2130 871 2198; x_wconf 83' lang='lat' dir='ltr'><strong>corruptor</strong></span> <span class='ocrx_word' id='word_1_104' title='bbox 893 2130 923 2180; x_wconf 91' lang='lat' dir='ltr'><strong>et</strong></span> <span class='ocrx_word' id='word_1_105' title='bbox 945 2122 1020 2181; x_wconf 88' lang='lat' dir='ltr'><strong>idem</strong></span> 
     </span>
     <span class='ocr_line' id='line_1_18' title="bbox 240 2203 996 2282; baseline 0 -20"><span class='ocrx_word' id='word_1_106' title='bbox 240 2203 387 2279; x_wconf 81' lang='lat' dir='ltr'><strong>Incestus,</strong></span> <span class='ocrx_word' id='word_1_107' title='bbox 412 2222 475 2262; x_wconf 88' lang='lat' dir='ltr'><strong>cnm</strong></span> <span class='ocrx_word' id='word_1_108' title='bbox 497 2221 554 2282; x_wconf 90' lang='lat' dir='ltr'><strong>quo</strong></span> <span class='ocrx_word' id='word_1_109' title='bbox 580 2223 673 2282; x_wconf 91' lang='lat' dir='ltr'><strong>nuper</strong></span> <span class='ocrx_word' id='word_1_110' title='bbox 697 2205 798 2264; x_wconf 86' lang='lat' dir='ltr'><strong>vittata</strong></span> <span class='ocrx_word' id='word_1_111' title='bbox 823 2203 938 2264; x_wconf 88' lang='lat' dir='ltr'><strong>iacebat</strong></span> <span class='ocrx_word' id='word_1_112' title='bbox 994 2240 996 2245; x_wconf 93' lang='lat'>-</span> 
     </span>
     <span class='ocr_line' id='line_1_19' title="bbox 241 2287 1044 2364; baseline 0 -18"><span class='ocrx_word' id='word_1_113' title='bbox 241 2289 386 2364; x_wconf 84' lang='lat' dir='ltr'><strong>Sanguine</strong></span> <span class='ocrx_word' id='word_1_114' title='bbox 410 2287 503 2346; x_wconf 88' lang='lat' dir='ltr'><strong>adhuc</strong></span> <span class='ocrx_word' id='word_1_115' title='bbox 525 2291 591 2346; x_wconf 91' lang='lat' dir='ltr'><strong>vivo</strong></span> <span class='ocrx_word' id='word_1_116' title='bbox 616 2297 721 2348; x_wconf 88' lang='lat' dir='ltr'><strong>terram</strong></span> <span class='ocrx_word' id='word_1_117' title='bbox 743 2287 872 2346; x_wconf 89' lang='lat' dir='ltr'><strong>subitura</strong></span> <span class='ocrx_word' id='word_1_118' title='bbox 894 2287 1044 2346; x_wconf 87' lang='lat' dir='ltr'><strong>sacerdos.</strong></span> 
     </span>
     <span class='ocr_line' id='line_1_20' title="bbox 240 2369 1033 2436; baseline 0 -7"><span class='ocrx_word' id='word_1_119' title='bbox 240 2371 300 2429; x_wconf 88' lang='lat' dir='ltr'><strong>Sed</strong></span> <span class='ocrx_word' id='word_1_120' title='bbox 325 2385 399 2428; x_wconf 88' lang='lat' dir='ltr'><strong>nunc</strong></span> <span class='ocrx_word' id='word_1_121' title='bbox 421 2369 457 2428; x_wconf 88' lang='lat' dir='ltr'><strong>de</strong></span> <span class='ocrx_word' id='word_1_122' title='bbox 477 2371 563 2430; x_wconf 89' lang='lat' dir='ltr'><strong>lactis</strong></span> <span class='ocrx_word' id='word_1_123' title='bbox 585 2369 760 2436; x_wconf 79' lang='lat' dir='ltr'><strong>levioribus:</strong></span> <span class='ocrx_word' id='word_1_124' title='bbox 789 2380 818 2430; x_wconf 91' lang='lat' dir='ltr'><strong>et</strong></span> <span class='ocrx_word' id='word_1_125' title='bbox 840 2379 935 2430; x_wconf 68' lang='lat' dir='ltr'><strong>manen</strong></span> <span class='ocrx_word' id='word_1_126' title='bbox 957 2371 1033 2430; x_wconf 89' lang='lat' dir='ltr'><strong>alter</strong></span> 
     </span>
    </p>

    <p class='ocr_par' dir='ltr' id='par_1_11' title="bbox 240 2453 1100 2952">
     <span class='ocr_line' id='line_1_21' title="bbox 241 2453 1009 2528; baseline 0.001 -16"><span class='ocrx_word' id='word_1_127' title='bbox 241 2455 272 2512; x_wconf 91' lang='lat' dir='ltr'><strong>Si</strong></span> <span class='ocrx_word' id='word_1_128' title='bbox 294 2453 416 2512; x_wconf 85' lang='lat' dir='ltr'><strong>fecisset</strong></span> <span class='ocrx_word' id='word_1_129' title='bbox 437 2454 527 2528; x_wconf 90' lang='lat' dir='ltr'><strong>idem,</strong></span> <span class='ocrx_word' id='word_1_130' title='bbox 551 2455 670 2514; x_wconf 85' lang='lat' dir='ltr'><strong>caderet</strong></span> <span class='ocrx_word' id='word_1_131' title='bbox 691 2454 745 2514; x_wconf 90' lang='lat' dir='ltr'><strong>sub</strong></span> <span class='ocrx_word' id='word_1_132' title='bbox 767 2453 862 2514; x_wconf 88' lang='lat' dir='ltr'><strong>iudice</strong></span> <span class='ocrx_word' id='word_1_133' title='bbox 884 2471 1009 2521; x_wconf 90' lang='lat' dir='ltr'><strong>morom;</strong></span> 
     </span>
     <span class='ocr_line' id='line_1_22' title="bbox 240 2536 1058 2616; baseline 0 -20"><span class='ocrx_word' id='word_1_134' title='bbox 240 2536 311 2596; x_wconf 89' lang='lat' dir='ltr'><strong>Nam</strong></span> <span class='ocrx_word' id='word_1_135' title='bbox 335 2537 411 2614; x_wconf 88' lang='lat' dir='ltr'><strong>quod</strong></span> <span class='ocrx_word' id='word_1_136' title='bbox 433 2547 517 2615; x_wconf 87' lang='lat' dir='ltr'><strong>turpe</strong></span> <span class='ocrx_word' id='word_1_137' title='bbox 539 2537 639 2614; x_wconf 90' lang='lat' dir='ltr'><strong>bonis,</strong></span> <span class='ocrx_word' id='word_1_138' title='bbox 663 2537 737 2598; x_wconf 81' lang='lat' dir='ltr'><strong>l’itio</strong></span> <span class='ocrx_word' id='word_1_139' title='bbox 761 2539 908 2616; x_wconf 84' lang='lat' dir='ltr'><strong>Seioque,</strong></span> <span class='ocrx_word' id='word_1_140' title='bbox 933 2536 1058 2598; x_wconf 83' lang='lat' dir='ltr'><strong>decebat</strong></span> 
     </span>
     <span class='ocr_line' id='line_1_23' title="bbox 242 2620 1100 2700; baseline -0.003 -19"><span class='ocrx_word' id='word_1_141' title='bbox 242 2620 419 2698; x_wconf 84' lang='lat' dir='ltr'><strong>Crispinum:</strong></span> <span class='ocrx_word' id='word_1_142' title='bbox 442 2621 510 2700; x_wconf 88' lang='lat' dir='ltr'><strong>quid</strong></span> <span class='ocrx_word' id='word_1_143' title='bbox 532 2639 619 2700; x_wconf 73' lang='lat' dir='ltr'><strong>agas,</strong></span> <span class='ocrx_word' id='word_1_144' title='bbox 643 2640 728 2700; x_wconf 84' lang='lat' dir='ltr'><strong>quum</strong></span> <span class='ocrx_word' id='word_1_145' title='bbox 750 2621 811 2682; x_wconf 86' lang='lat' dir='ltr'><strong>dira</strong></span> <span class='ocrx_word' id='word_1_146' title='bbox 834 2632 864 2682; x_wconf 89' lang='lat' dir='ltr'><strong>et</strong></span> <span class='ocrx_word' id='word_1_147' title='bbox 885 2622 1001 2682; x_wconf 82' lang='lat' dir='ltr'><strong>foedior</strong></span> <span class='ocrx_word' id='word_1_148' title='bbox 1024 2623 1100 2680; x_wconf 90' lang='lat' dir='ltr'><strong>omni</strong></span> 
     </span>
     <span class='ocr_line' id='line_1_24' title="bbox 242 2701 1092 2782; baseline 0.001 -19"><span class='ocrx_word' id='word_1_149' title='bbox 242 2703 366 2763; x_wconf 81' lang='lat' dir='ltr'><strong>Crimine</strong></span> <span class='ocrx_word' id='word_1_150' title='bbox 389 2721 515 2781; x_wconf 86' lang='lat' dir='ltr'><strong>persona</strong></span> <span class='ocrx_word' id='word_1_151' title='bbox 538 2701 603 2766; x_wconf 60' lang='lat' dir='ltr'><strong>esti?</strong></span> <span class='ocrx_word' id='word_1_152' title='bbox 646 2705 765 2766; x_wconf 82' lang='lat' dir='ltr'><strong>Mullum</strong></span> <span class='ocrx_word' id='word_1_153' title='bbox 790 2725 845 2766; x_wconf 78' lang='lat' dir='ltr'><strong>sex</strong></span> <span class='ocrx_word' id='word_1_154' title='bbox 877 2705 991 2766; x_wconf 88' lang='lat' dir='ltr'><strong>milibus</strong></span> <span class='ocrx_word' id='word_1_155' title='bbox 1014 2708 1092 2782; x_wconf 86' lang='lat' dir='ltr'><strong>emit,</strong></span> 
     </span>
     <span class='ocr_line' id='line_1_25' title="bbox 240 2789 1083 2867; baseline 0.001 -20"><span class='ocrx_word' id='word_1_156' title='bbox 240 2789 421 2865; x_wconf 79' lang='lat' dir='ltr'><strong>Aequantem</strong></span> <span class='ocrx_word' id='word_1_157' title='bbox 443 2806 513 2848; x_wconf 89' lang='lat' dir='ltr'><strong>sane</strong></span> <span class='ocrx_word' id='word_1_158' title='bbox 536 2789 653 2867; x_wconf 89' lang='lat' dir='ltr'><strong>paribus</strong></span> <span class='ocrx_word' id='word_1_159' title='bbox 675 2791 811 2850; x_wconf 87' lang='lat' dir='ltr'><strong>sestertia</strong></span> <span class='ocrx_word' id='word_1_160' title='bbox 833 2790 924 2865; x_wconf 86' lang='lat' dir='ltr'><strong>libris,</strong></span> <span class='ocrx_word' id='word_1_161' title='bbox 1079 2857 1083 2865; x_wconf 27' lang='grc' dir='ltr'>Ι</span> 
     </span>
     <span class='ocr_line' id='line_1_26' title="bbox 241 2871 1057 2952; baseline 0 -20"><span class='ocrx_word' id='word_1_162' title='bbox 241 2871 280 2932; x_wconf 91' lang='lat' dir='ltr'><strong>Ut</strong></span> <span class='ocrx_word' id='word_1_163' title='bbox 302 2871 469 2949; x_wconf 87' lang='lat' dir='ltr'><strong>perhibent,</strong></span> <span class='ocrx_word' id='word_1_164' title='bbox 493 2875 542 2950; x_wconf 88' lang='lat' dir='ltr'><strong>qni</strong></span> <span class='ocrx_word' id='word_1_165' title='bbox 567 2874 603 2933; x_wconf 89' lang='lat' dir='ltr'><strong>de</strong></span> <span class='ocrx_word' id='word_1_166' title='bbox 626 2875 736 2950; x_wconf 80' lang='lat' dir='ltr'><strong>magnis</strong></span> <span class='ocrx_word' id='word_1_167' title='bbox 757 2876 867 2933; x_wconf 87' lang='lat' dir='ltr'><strong>maiora</strong></span> <span class='ocrx_word' id='word_1_168' title='bbox 892 2874 1057 2952; x_wconf 85' lang='lat' dir='ltr'><strong>loquuntur.</strong></span> 
     </span>
    </p>
   </div>
   <div class='ocr_carea' id='block_1_7' title="bbox 149 2953 957 3032">
    <p class='ocr_par' dir='ltr' id='par_1_12' title="bbox 149 2953 957 3032">
     <span class='ocr_line' id='line_1_27' title="bbox 149 2953 957 3032; baseline 0.001 -19"><span class='ocrx_word' id='word_1_169' title='bbox 149 2973 151 2978; x_wconf 78' lang='grc'><strong>’</strong></span> <span class='ocrx_word' id='word_1_170' title='bbox 244 2953 401 3014; x_wconf 86' lang='lat' dir='ltr'><strong>Consilium</strong></span> <span class='ocrx_word' id='word_1_171' title='bbox 423 2955 509 3016; x_wconf 86' lang='lat' dir='ltr'><strong>laudo</strong></span> <span class='ocrx_word' id='word_1_172' title='bbox 534 2957 667 3032; x_wconf 88' lang='lat' dir='ltr'><strong>artiliois,</strong></span> <span class='ocrx_word' id='word_1_173' title='bbox 690 2960 715 3016; x_wconf 89' lang='lat' dir='ltr'><strong>si</strong></span> <span class='ocrx_word' id='word_1_174' title='bbox 737 2975 855 3017; x_wconf 85' lang='lat' dir='ltr'><strong>munere</strong></span> <span class='ocrx_word' id='word_1_175' title='bbox 878 2965 957 3016; x_wconf 88' lang='lat' dir='ltr'><strong>tanto</strong></span> 
     </span>
    </p>
   </div>
   <div class='ocr_carea' id='block_1_8' title="bbox 240 3039 1086 3853">
    <p class='ocr_par' dir='ltr' id='par_1_13' title="bbox 240 3039 1086 3853">
     <span class='ocr_line' id='line_1_28' title="bbox 241 3039 1074 3117; baseline 0.002 -19"><span class='ocrx_word' id='word_1_176' title='bbox 241 3039 428 3117; x_wconf 79' lang='lat' dir='ltr'><strong>Praecipuum</strong></span> <span class='ocrx_word' id='word_1_177' title='bbox 448 3042 477 3099; x_wconf 92' lang='lat' dir='ltr'><strong>in</strong></span> <span class='ocrx_word' id='word_1_178' title='bbox 497 3039 602 3100; x_wconf 86' lang='lat' dir='ltr'><strong>tabulis</strong></span> <span class='ocrx_word' id='word_1_179' title='bbox 629 3057 724 3100; x_wconf 91' lang='lat' dir='ltr'><strong>ceram</strong></span> <span class='ocrx_word' id='word_1_180' title='bbox 749 3043 828 3100; x_wconf 89' lang='lat' dir='ltr'><strong>senis</strong></span> <span class='ocrx_word' id='word_1_181' title='bbox 854 3039 973 3100; x_wconf 89' lang='lat' dir='ltr'><strong>abstulit</strong></span> <span class='ocrx_word' id='word_1_182' title='bbox 993 3039 1074 3108; x_wconf 88' lang='lat' dir='ltr'><strong>orbi;</strong></span> 
     </span>
     <span class='ocr_line' id='line_1_29' title="bbox 241 3122 983 3200; baseline 0.004 -19"><span class='ocrx_word' id='word_1_183' title='bbox 241 3122 295 3182; x_wconf 84' lang='lat' dir='ltr'><strong>Est</strong></span> <span class='ocrx_word' id='word_1_184' title='bbox 316 3124 390 3182; x_wconf 86' lang='lat' dir='ltr'><strong>ratio</strong></span> <span class='ocrx_word' id='word_1_185' title='bbox 413 3123 550 3200; x_wconf 84' lang='lat' dir='ltr'><strong>ulterior,</strong></span> <span class='ocrx_word' id='word_1_186' title='bbox 576 3142 697 3200; x_wconf 81' lang='lat' dir='ltr'><strong>magnae</strong></span> <span class='ocrx_word' id='word_1_187' title='bbox 717 3125 742 3182; x_wconf 86' lang='lat' dir='ltr'><strong>si</strong></span> <span class='ocrx_word' id='word_1_188' title='bbox 767 3125 843 3182; x_wconf 83' lang='lat' dir='ltr'><strong>misit</strong></span> <span class='ocrx_word' id='word_1_189' title='bbox 863 3125 983 3199; x_wconf 87' lang='lat' dir='ltr'><strong>amicae,</strong></span> 
     </span>
     <span class='ocr_line' id='line_1_30' title="bbox 243 3206 1014 3286; baseline 0.003 -22"><span class='ocrx_word' id='word_1_190' title='bbox 243 3206 325 3280; x_wconf 83' lang='lat' dir='ltr'><strong>Quae</strong></span> <span class='ocrx_word' id='word_1_191' title='bbox 346 3207 461 3266; x_wconf 87' lang='lat' dir='ltr'><strong>vehitur</strong></span> <span class='ocrx_word' id='word_1_192' title='bbox 480 3208 585 3281; x_wconf 41' lang='lat' dir='ltr'><strong>,clauso</strong></span> <span class='ocrx_word' id='word_1_193' title='bbox 609 3208 673 3266; x_wconf 89' lang='lat' dir='ltr'><strong>latis</strong></span> <span class='ocrx_word' id='word_1_194' title='bbox 696 3206 898 3286; x_wconf 81' lang='lat' dir='ltr'><strong>specularibus</strong></span> <span class='ocrx_word' id='word_1_195' title='bbox 923 3217 1014 3268; x_wconf 88' lang='lat' dir='ltr'><strong>antro.</strong></span> 
     </span>
     <span class='ocr_line' id='line_1_31' title="bbox 240 3289 1040 3369; baseline 0.003 -22"><span class='ocrx_word' id='word_1_196' title='bbox 240 3289 288 3348; x_wconf 84' lang='lat' dir='ltr'><strong>Nil</strong></span> <span class='ocrx_word' id='word_1_197' title='bbox 311 3290 370 3350; x_wconf 87' lang='lat' dir='ltr'><strong>tale</strong></span> <span class='ocrx_word' id='word_1_198' title='bbox 392 3301 566 3369; x_wconf 82' lang='lat' dir='ltr'><strong>exspectes:</strong></span> <span class='ocrx_word' id='word_1_199' title='bbox 590 3293 656 3352; x_wconf 88' lang='lat' dir='ltr'><strong>emit</strong></span> <span class='ocrx_word' id='word_1_200' title='bbox 680 3291 745 3350; x_wconf 88' lang='lat' dir='ltr'><strong>sibi.</strong></span> <span class='ocrx_word' id='word_1_201' title='bbox 789 3289 878 3350; x_wconf 86' lang='lat' dir='ltr'><strong>blnlta</strong></span> <span class='ocrx_word' id='word_1_202' title='bbox 898 3292 1040 3366; x_wconf 86' lang='lat' dir='ltr'><strong>videmus,</strong></span> 
     </span>
     <span class='ocr_line' id='line_1_32' title="bbox 242 3372 1086 3453; baseline 0.001 -21"><span class='ocrx_word' id='word_1_203' title='bbox 242 3372 324 3446; x_wconf 83' lang='lat' dir='ltr'><strong>Quae</strong></span> <span class='ocrx_word' id='word_1_204' title='bbox 346 3375 434 3434; x_wconf 89' lang='lat' dir='ltr'><strong>miser</strong></span> <span class='ocrx_word' id='word_1_205' title='bbox 457 3384 486 3434; x_wconf 88' lang='lat' dir='ltr'><strong>et</strong></span> <span class='ocrx_word' id='word_1_206' title='bbox 507 3376 583 3452; x_wconf 83' lang='lat' dir='ltr'><strong>frugi</strong></span> <span class='ocrx_word' id='word_1_207' title='bbox 608 3393 665 3436; x_wconf 93' lang='lat' dir='ltr'><strong>non</strong></span> <span class='ocrx_word' id='word_1_208' title='bbox 687 3375 757 3434; x_wconf 88' lang='lat' dir='ltr'><strong>lecit</strong></span> <span class='ocrx_word' id='word_1_209' title='bbox 780 3374 916 3453; x_wconf 81' lang='lat' dir='ltr'><strong>Apicius!</strong></span> <span class='ocrx_word' id='word_1_210' title='bbox 960 3375 1086 3448; x_wconf 81' lang='lat' dir='ltr'><strong>Hoetu,</strong></span> 
     </span>
     <span class='ocr_line' id='line_1_33' title="bbox 243 3455 1036 3538; baseline 0 -22"><span class='ocrx_word' id='word_1_211' title='bbox 243 3459 414 3517; x_wconf 88' lang='lat' dir='ltr'><strong>Succinctus</strong></span> <span class='ocrx_word' id='word_1_212' title='bbox 437 3461 528 3536; x_wconf 89' lang='lat' dir='ltr'><strong>patria</strong></span> <span class='ocrx_word' id='word_1_213' title='bbox 553 3459 710 3538; x_wconf 86' lang='lat' dir='ltr'><strong>quondam,</strong></span> <span class='ocrx_word' id='word_1_214' title='bbox 738 3455 888 3537; x_wconf 82' lang='lat' dir='ltr'><strong>Crispina,</strong></span> <span class='ocrx_word' id='word_1_215' title='bbox 912 3475 1036 3537; x_wconf 73' lang='lat' dir='ltr'><strong>papyro,</strong></span> 
     </span>
     <span class='ocr_line' id='line_1_34' title="bbox 241 3539 1042 3620; baseline 0.006 -21"><span class='ocrx_word' id='word_1_216' title='bbox 241 3539 305 3600; x_wconf 91' lang='lat' dir='ltr'><strong>lloc</strong></span> <span class='ocrx_word' id='word_1_217' title='bbox 323 3544 421 3620; x_wconf 91' lang='lat' dir='ltr'><strong>pretio</strong></span> <span class='ocrx_word' id='word_1_218' title='bbox 443 3541 611 3620; x_wconf 82' lang='lat' dir='ltr'><strong>squamam?</strong></span> <span class='ocrx_word' id='word_1_219' title='bbox 644 3542 739 3602; x_wconf 90' lang='lat' dir='ltr'><strong>Potuit</strong></span> <span class='ocrx_word' id='word_1_220' title='bbox 760 3542 887 3604; x_wconf 82' lang='lat' dir='ltr'><strong>fortasse</strong></span> <span class='ocrx_word' id='word_1_221' title='bbox 908 3543 1042 3604; x_wconf 85' lang='lat' dir='ltr'><strong>minoris.</strong></span> 
     </span>
     <span class='ocr_line' id='line_1_35' title="bbox 242 3624 951 3704; baseline -0.001 -21"><span class='ocrx_word' id='word_1_222' title='bbox 242 3624 375 3685; x_wconf 85' lang='lat' dir='ltr'><strong>Piscator</strong></span> <span class='ocrx_word' id='word_1_223' title='bbox 399 3643 483 3704; x_wconf 89' lang='lat' dir='ltr'><strong>quam</strong></span> <span class='ocrx_word' id='word_1_224' title='bbox 506 3628 594 3704; x_wconf 86' lang='lat' dir='ltr'><strong>piscis</strong></span> <span class='ocrx_word' id='word_1_225' title='bbox 617 3627 687 3694; x_wconf 86' lang='lat' dir='ltr'><strong>eml;</strong></span> <span class='ocrx_word' id='word_1_226' title='bbox 710 3628 860 3704; x_wconf 82' lang='lat' dir='ltr'><strong>provincia</strong></span> <span class='ocrx_word' id='word_1_227' title='bbox 882 3627 951 3686; x_wconf 89' lang='lat' dir='ltr'><strong>tanti</strong></span> 
     </span>
     <span class='ocr_line' id='line_1_36' title="bbox 240 3707 1074 3824; baseline 0.001 -56"><span class='ocrx_word' id='word_1_228' title='bbox 240 3707 349 3770; x_wconf 86' lang='lat' dir='ltr'><strong>Vendit</strong></span> <span class='ocrx_word' id='word_1_229' title='bbox 371 3726 477 3788; x_wconf 84' lang='lat' dir='ltr'><strong>agros,</strong></span> <span class='ocrx_word' id='word_1_230' title='bbox 500 3713 552 3774; x_wconf 87' lang='lat' dir='ltr'><strong>sed</strong></span> <span class='ocrx_word' id='word_1_231' title='bbox 576 3713 705 3771; x_wconf 80' lang='lat' dir='ltr'><strong>maiores</strong></span> <span class='ocrx_word' id='word_1_232' title='bbox 724 3709 851 3790; x_wconf 79' lang='lat' dir='ltr'><strong>Appulia</strong></span> <span class='ocrx_word' id='word_1_233' title='bbox 872 3709 979 3769; x_wconf 87' lang='lat' dir='ltr'><strong>vendit.</strong></span> <span class='ocrx_word' id='word_1_234' title='bbox 1059 3791 1074 3824; x_wconf 47' lang='lat'>*</span> 
     </span>
     <span class='ocr_line' id='line_1_37' title="bbox 1035 3803 1052 3853; baseline 0 0"><span class='ocrx_word' id='word_1_235' title='bbox 1035 3803 1052 3853; x_wconf 75' lang='lat'><strong>2</strong></span> 
     </span>
    </p>
   </div>
   <div class='ocr_carea' id='block_1_9' title="bbox 0 0 1532 4484">
    <p class='ocr_par' dir='ltr' id='par_1_14' title="bbox 0 0 1532 4484">
     <span class='ocr_line' id='line_1_38' title="bbox 0 0 1532 4484; baseline 0 0"><span class='ocrx_word' id='word_1_236' title='bbox 0 0 1532 4484; x_wconf 95' lang='lat' dir='ltr'><strong> </strong></span> 
     </span>
    </p>
   </div>
  </div>
 </body>
</html>
