3050 4484
604 477 729 525 sama
750 478 825 525 vm.

250 620 398 679 Nocturna
421 624 451 676 et
471 614 598 676 dammas
619 614 751 675 domibus
772 616 947 695 templisque
969 618 1086 695 paratis,

250 702 288 763 Ut
311 702 512 761 braccatorum
535 700 618 779 pueri
640 700 843 777 Senonumque
863 700 1000 774 minores,

250 786 322 846 Ausi
342 784 419 863 quod
443 785 531 861 liceat
551 784 646 843 tunica
670 784 770 861 punire
794 784 926 842 molesta.
1180 796 1232 851 235

250 869 311 930 Sed
331 868 432 945 vigilat
454 865 556 926 consul
578 866 746 945 vexillaque
767 875 864 926 vestra
886 874 1020 926 coercet:

249 950 303 1013 Hic
325 968 418 1011 novus
438 950 580 1028 Arpinas,
606 949 743 1026 ignobilis
761 959 792 1010 et
810 951 897 1010 modo
919 948 1030 1010 Rornae

250 1034 432 1113 lllunicipalis
454 1050 564 1111 eques,
590 1033 735 1109 galeatum
756 1035 837 1112 ponit
855 1033 962 1111 ubique

249 1118 427 1179 Praesidium
449 1118 576 1176 attonitis
598 1125 628 1175 et
648 1118 677 1175 in
699 1118 776 1175 omni
796 1126 892 1176 monte
914 1116 1038 1175 laborat.

250 1202 371 1261 Tantum
388 1201 476 1283 igitur
496 1216 592 1259 muros
612 1201 685 1259 intra
705 1210 773 1276 toga
793 1200 913 1260 eontulit
932 1199 975 1258 illi
1180 1210 1234 1263 240

249 1284 378 1345 Nominis
406 1301 441 1343 ac
463 1278 556 1357 tituil,
583 1291 716 1361 quantum
736 1284 785 1341 vix
804 1282 956 1356 Leucade,
979 1291 1114 1360 quantum

216 1395 221 1407 ¹
250 1367 421 1427 Thessaliae
445 1366 555 1443 campis
578 1364 713 1425 Octavius
736 1366 853 1426 abstulit
874 1366 931 1425 udo

233 1448 394 1525 ¹caedibus
416 1448 540 1508 assiduis
561 1448 675 1524 gladi0;
700 1447 752 1507 sed
774 1448 864 1509 Roma
887 1458 1046 1526 parentem,

250 1534 342 1593 lioma
364 1540 477 1611 patrem
499 1532 610 1608 patriae
634 1530 807 1591 Ciceronem
829 1532 922 1591 libera
944 1533 1024 1591 dixit.

249 1618 376 1696 Arpinas
399 1614 472 1675 alins
493 1612 667 1673 Volscorum
689 1618 718 1674 in
738 1624 835 1686 monte
858 1614 974 1674 solebat
1181 1624 1233 1678 245

249 1700 380 1760 Poscere
402 1697 572 1772 mercedes,
595 1696 690 1757 alieno
714 1698 808 1759 lassus
831 1707 941 1764 aratum

248 1782 399 1843 Nodosam
423 1789 492 1859 post
514 1780 588 1841 baec
608 1779 760 1858 frangebat
782 1783 893 1840 vertice
915 1782 1013 1858 vitem,

250 1869 281 1927 Si
302 1866 396 1926 lentus
420 1866 504 1944 pigra
526 1864 648 1923 muniret
670 1874 765 1925 castra
786 1864 922 1924 dolabra:

249 1950 304 2009 Hic
326 1959 422 2009 tamen
444 1958 473 2007 et
496 1944 628 2006 Cimbros
650 1956 679 2007 et
701 1965 808 2007 summa
829 1948 962 2025 pericula
985 1966 1082 2007 rerum

250 2032 385 2111 Excipit,
410 2041 438 2091 et
460 2028 541 2090 solus
564 2032 754 2108 trepidantem
776 2031 904 2108 protegit
926 2030 1042 2099 urbem3
1182 2042 1235 2094 250
1312 2071 1314 2076 -

250 2117 347 2194 Atque
369 2115 453 2190 ideo,
476 2122 629 2193 postquam
651 2114 686 2173 ad
709 2111 842 2173 Gimbros
864 2122 1048 2191 stragemque
1069 2112 1217 2190 volabant,

251 2198 309 2273 Qui
331 2214 483 2277 numquam
506 2199 658 2274 attigerant
679 2199 788 2259 maiora
808 2197 967 2272 cadavera,
990 2198 1081 2272 corvi,
1106 2198 1114 2206 ‘

250 2282 366 2343 Nobilis
389 2290 507 2341 ornatur
528 2278 610 2339 iarrrc
632 2280 748 2357 collega
770 2280 906 2340 secunda.

250 2365 389 2427 Plebeiae
413 2364 570 2424 Deciorum
592 2366 717 2439 animae,
739 2362 856 2443 plebeia
877 2364 992 2423 luerunt

251 2448 388 2511 Nomina:
409 2464 463 2526 pro
487 2446 554 2505 totis
578 2446 742 2522 legionibus
763 2445 793 2505 hi
809 2455 904 2506 tamen
926 2455 956 2506 et
974 2463 1028 2525 pro
1062 2458 1068 2471 ’
1182 2454 1233 2507 255

251 2532 388 2592 Omnibus
411 2529 525 2590 auxiliis
543 2538 630 2607 atque
652 2531 726 2590 omni
747 2529 825 2610 pube
847 2529 945 2589 Latina

207 2688 211 2698 Ι
249 2614 402 2676 Sufficiunt
425 2614 469 2673 dis
490 2612 610 2671 infernis
631 2621 789 2693 terraeque
812 2614 940 2691 parenti;

249 2700 343 2759 Pluris
367 2698 441 2756 enim
463 2694 564 2771 Decii,
587 2714 671 2774 qnam
694 2715 769 2775 quae
790 2705 939 2755 servantur
961 2695 997 2755 ab
1019 2696 1087 2757 illis

249 2780 366 2841 Ancilla
391 2788 473 2839 natus
495 2778 623 2839 trabeam
644 2788 672 2839 et
693 2780 824 2840 diadema
847 2778 956 2851 Quirini

249 2864 287 2925 Et
308 2865 405 2923 fasces
427 2864 530 2923 meruit
551 2880 652 2939 regum
672 2862 786 2922 ultimus
806 2862 859 2922 ille
876 2862 1030 2921 bonorum:
1182 2869 1234 2923 260

249 2928 368 3008 Prodita
390 2946 525 3008 laxabant
547 2955 693 3044 portarum
714 2946 840 3006 claustra
857 2947 984 3020 tyrannis

249 3030 422 3091 Exulibus'
414 3047 534 3091 invenes
556 3030 647 3107 ipsius
672 3028 800 3089 consulis
824 3038 853 3088 et
873 3046 948 3107 quos

194 3146 198 3155 ·
248 3114 386 3193 Magnum
408 3113 515 3192 aliquid
539 3112 624 3173 dubia
644 3130 697 3191 pro
720 3112 855 3172 libertate
877 3113 1007 3187 deceret,

249 3198 339 3271 Quod
363 3198 514 3257 miraretur
537 3214 599 3255 cum
625 3194 738 3257 Coclite
760 3194 871 3255 liucins
886 3204 924 3255 'et
945 3213 1020 3273 quae

246 3279 369 3361 Imperii
385 3281 457 3341 lines
475 3278 639 3339 Tiberinum
657 3280 740 3357 virgo
762 3280 878 3339 natavit.
1182 3280 1233 3336 265

248 3363 375 3425 Occulta
398 3364 434 3424 ad
457 3372 555 3441 patres
577 3364 713 3442 produxit
737 3362 854 3423 crimina
876 3380 989 3437 servus,
1080 3424 1082 3429 ,

247 3445 391 3509 Macronis
412 3446 570 3523 lugendum
594 3456 622 3507 at
643 3446 710 3506 illos
730 3445 855 3505 verbera
876 3446 956 3505 iustis

252 3530 390 3591 Alliciunt
415 3532 517 3609 poenis
542 3539 570 3589 et
591 3530 689 3607 legum
709 3532 799 3609 prima
822 3530 943 3598 securis

294 3614 372 3675 Malo
396 3622 478 3693 pater
499 3612 550 3672 tibi
572 3614 608 3672 sit
630 3612 794 3691 Thersites,
817 3607 968 3674 dammodo
990 3620 1020 3671 tu
1041 3612 1081 3671 sis

252 3696 401 3757 Aeacidae
424 3696 522 3755 similis
544 3696 743 3775 Vulcaniaque
766 3715 843 3757 arma
867 3714 1016 3774 capessas,
1181 3700 1235 3756 ato
