3050 4484
598 461 600 468 ι
671 437 878 487 PRAEFATIO.
1159 439 1251 490 xxm

268 585 385 654 plurimis,
397 581 554 638 mdmrtlabu.
562 580 654 640 curm
666 588 692 636 et
697 580 806 652 liupert,
816 585 883 654 qnasi
894 583 925 639 de
934 599 1035 640 numero
1041 598 1148 648 casuum,
1161 599 1209 639 nou
1219 584 1250 640 da

263 667 401 739 frequentia
411 673 504 737 agatur,
513 680 649 738 quaequam
659 682 730 736 coepe
740 667 821 734 potius
831 667 952 736 postulat;
965 682 1043 738 neque
1052 683 1109 722 uasa
1120 667 1183 722 aliud
1193 675 1250 748 sunt

268 766 298 806 ac
308 758 391 816 testae,
404 765 463 822 quas
473 749 494 804 si
506 749 536 804 ad
546 749 659 806 imbrices
671 750 759 804 referre
770 751 893 820 malueris,
906 750 951 804 bae
962 766 1005 804 our
1015 758 1088 805 nocte
1097 752 1250 821 potissimum

268 835 361 897 cadant,
370 849 443 905 aegre
450 833 569 903 explices:
581 839 675 888 tantum
682 833 757 904 igitur
767 834 836 888 abest
845 842 873 890 ut
884 850 941 890 cum
947 833 1063 904 Rupertio
1070 835 1249 890 etllausonede

264 913 1249 990 oipltoipmmlo'cogiarobceatpuoummenemmmllomotmm,stomun

266 1003 296 1058 ad
303 1018 414 1058 vasorum
421 1017 490 1056 casus
500 1001 685 1056 referendasiut.
697 1031 732 1042 -
741 1001 839 1081 Satlll.
846 1018 869 1057 v.
876 1006 893 1060 9
900 1003 982 1058 numo
989 1001 1044 1057 libri
1054 1017 1152 1063 omnem
1164 1002 1248 1058 mium

266 1085 361 1142 labnius
373 1102 395 1141 c.
407 1085 553 1140 Scholiasta:
572 1086 651 1140 mium
666 1093 750 1148 acute;
761 1085 890 1141 cilbodio.
903 1101 926 1156 p.
935 1090 1002 1144 8.-—
1012 1085 1039 1142 ll.
1047 1089 1080 1144 97
1092 1087 1120 1140 io
1128 1085 1248 1141 mame

266 1169 328 1240 Rup.
341 1177 367 1224 et
377 1170 436 1226 acb.
449 1185 505 1224 oum
515 1169 582 1226 libris
599 1169 732 1240 plerisque:
750 1186 802 1224 aas
812 1170 907 1226 Iahnius
919 1185 941 1224 o.
954 1169 1055 1224 Pithoeo
1066 1176 1092 1224 et
1102 1169 1245 1234 Heinriclrio,
1312 1187 1315 1193 ·

265 1269 314 1307 non
321 1261 402 1308 autem
414 1269 469 1308 cum
476 1252 615 1320 lb'tbocano,
626 1253 652 1307 iu
659 1269 706 1324 quo
713 1255 798 1308 lacuna
808 1255 888 1323 potius
897 1254 997 1309 duanam
1004 1254 1127 1309 literarum
1134 1261 1186 1318 est3
1196 1271 1247 1309 man

266 1338 341 1408 igitur
352 1338 417 1390 omni
429 1337 570 1400 auctoritate
581 1337 833 1396 πει-1120111
842 1338 1015 1410 metamurlg„
1027 1340 1054 1393 ia
1063 1339 1153 1393 tumme
1163 1337 1246 1400 labn.;

265 1427 291 1474 at
298 1422 322 1475 in
330 1419 391 1474 Pith.
402 1425 439 1474 est
449 1419 521 1485 laevo,
529 1419 849 1491 quodadloevomremittere
859 1422 1006 1477 dixilliudic.
1017 1426 1074 1494 pit.
1085 1449 1121 1461 -
1130 1420 1182 1476 Sat
1188 1422 1215 1476 V.
1222 1437 1247 1477 v.

263 1503 949 1576 51,quemlabuiusoPinzgeroetHeinricbiodamnavit,
957 1505 1247 1577 interpungendosalvum

265 1589 414 1657 praestitisse
423 1588 520 1650 videor:
539 1589 580 1659 qui
590 1596 617 1644 ut
627 1588 711 1644 abesse
721 1591 810 1660 possit,
822 1591 912 1645 omisso
920 1597 1003 1644 nmen
1012 1590 1175 1644 membrorum
1186 1605 1245 1644 cou-

262 1673 371 1728 sinaitas
388 1672 563 1737 debilitabitur,
582 1688 642 1744 quae
659 1674 732 1728 alium
749 1691 835 1747 aqum
854 1691 903 1730 uuo
924 1673 1076 1730 hemisticbio
1098 1673 1189 1728 absolvi
1204 1673 1245 1728 vix

261 1757 329 1812 sinit.
358 1755 409 1812 Alia
420 1772 492 1811 causa
510 1764 579 1812 estu.
592 1760 634 1822 91,
647 1773 718 1828 quem
730 1759 782 1830 ipse
797 1759 1061 1830 Pitbooauusiguorat;
1075 1758 1179 1814 atvelv.
1193 1759 1245 1815 140

264 1840 371 1910 quamvis
387 1829 508 1896 elumbem
525 1848 550 1895 et
568 1841 598 1896 ad
615 1841 704 1900 leonini
720 1843 825 1912 speciem
837 1843 998 1914 compositum
1011 1843 1098 1896 sicum
1110 1841 1244 1896 labnioex·

263 1924 365 1993 pulcris,
380 1923 485 1980 hiulcam
501 1926 634 1980 orationem
652 1926 749 1990 leceris.
767 1942 814 1982 nec
832 1929 911 1982 minus
928 1927 977 1982 loci
992 1925 1127 1981 communis
1144 1927 1182 1980 ius
1197 1926 1244 1980 erit

260 2007 524 2079 puamVll.145rcrn
533 2010 560 2063 in
569 2009 757 2080 teudsmudis
763 2027 862 2082 perenm
873 2010 937 2082 quod
948 2012 969 2064 si
979 2011 1083 2064 maxime
1093 2009 1161 2064 illurn
1171 2009 1243 2064 scribi

224 2121 228 2127 ·
264 2091 398 2146 aluvenale
409 2094 517 2162 potuisse
528 2093 668 2164 negaveris,
686 2094 759 2148 alium
770 2096 850 2164 potius
861 2111 933 2165 quam
943 2095 1035 2149 nmium
1045 2093 1075 2147 ab
1086 2107 1116 2147 eo
1125 2094 1242 2162 scriptum
1300 2089 1308 2104 ‘

261 2189 316 2229 esse
327 2177 466 2234 concedam.
499 2175 556 2231 llos
566 2191 662 2248 quoquae
678 2193 703 2230 v.
717 2181 765 2234 141
776 2175 888 2249 ldppolen
897 2177 1021 2232 pithoeani
1032 2193 1075 2247 pro
1087 2175 1178 2247 llpcolc
1188 2177 1242 2232 ideo

261 2259 362 2321 retinui,
380 2261 435 2329 quia
454 2275 538 2315 verum
554 2275 642 2316 nomen
653 2261 753 2332 ignoro,
766 2262 830 2332 quod
841 2261 904 2315 baud
919 2263 969 2315 scio
981 2276 1011 2314 an
1021 2261 1138 2314 luvenalis
1157 2260 1242 2314 eodem

262 2341 523 2412 modoquopcrvulmn
529 2341 626 2397 Aeacon
634 2358 664 2397 ex
673 2352 745 2413 poeta
755 2344 893 2414 aequalibus
899 2352 958 2398 noto
966 2344 1108 2412 sumpserim
1120 2344 1242 2412 corrumpi

261 2431 343 2479 tamen
356 2426 429 2480 stiam
440 2427 558 2497 optimum
569 2427 677 2481 codicem
687 2427 713 2482 in
722 2428 777 2482 loco
788 2427 957 2482 obscurissimo
968 2427 1075 2497 potuisse
1085 2441 1157 2480 nemo
1168 2427 1241 2480 mira·

235 2571 239 2578 ⁸
261 2508 327 2562 bitur
338 2507 440 2580 ideoque
450 2525 545 2566 rursum
554 2525 577 2564 v.
593 2513 643 2568 142
653 2511 725 2566 sonu
734 2527 778 2581 pro
788 2511 925 2566 sandeta.
941 2509 1148 2568 idbadmeasmn
1158 2524 1202 2579 pro
1213 2526 1241 2563 oc

260 2607 378 2657 mensam
391 2609 452 2664 quae
463 2609 494 2648 ex
509 2593 658 2652 illolabulus
667 2595 765 2659 ascivit,
782 2596 811 2650 ad
829 2597 979 2665 superiorum
996 2594 1119 2663 exemplar
1129 2608 1241 2648 revocare

261 2691 310 2730 nou
321 2676 439 2741 dubitavi,
455 2667 515 2749 ¹quia
531 2678 579 2734 boc
589 2679 627 2733 vel
644 2680 696 2734 sine
706 2680 851 2750 reliquorum
865 2680 977 2734 codicum
990 2693 1110 2733 consensu
1119 2678 1170 2747 ipsa
1186 2692 1242 2731 sen·

261 2761 335 2814 tentia
345 2769 457 2830 praestat.
490 2759 568 2817 Smrcl
578 2769 697 2834 certepro
720 2762 1123 2827 einmlitatantumlocumhabet,
1139 2760 1240 2815 uteius·

261 2844 316 2898 dem
326 2846 361 2898 rei
377 2846 472 2900 iteratio
483 2846 637 2911 excludatur,
654 2854 682 2902 ut
695 2848 720 2902 in
734 2849 851 2917 exemplis
860 2847 923 2917 apud
934 2846 1011 2904 Rentl.
1024 2846 1054 2901 ad
1065 2845 1149 2900 Horat.
1160 2843 1238 2900 Serm.

260 2925 291 2982 ll.
303 2931 329 2985 8.
341 2931 389 2990 am
407 2935 488 2985 nostra
498 2937 578 2986 autem
589 2931 684 3002 llygale
696 2933 768 2986 etiam
778 2939 834 3000 post
849 2932 992 3004 trigeminos
1002 2930 1061 2985 alios
1075 2936 1159 3000 partus
1168 2929 1240 2984 edere

260 3017 367 3080 poteram
378 3028 425 3068 ucc
440 3029 548 3069 mensam
559 3015 637 3070 alieni
647 3016 745 3070 demum
756 3031 800 3085 par
809 3023 859 3075 est.
871 3015 913 3070 ubi
924 3015 1002 3069 inians
1009 3015 1132 3086 poncias
1143 3012 1191 3067 boc
1202 3019 1240 3067 est

260 3094 291 3148 ad
305 3109 404 3151 monam
415 3099 492 3162 venit,
505 3107 533 3153 ut
543 3101 637 3153 mittam
647 3113 745 3154 mensae
761 3099 931 3154 cuur'nucibus
942 3105 966 3152 et
976 3113 1030 3153 asse
1039 3112 1124 3168 parum
1134 3096 1239 3152 necessi·
1278 3158 1286 3172 ¹

258 3178 349 3234 tudinis
358 3181 520 3244 intercedere;
538 3197 602 3238 nuuc
612 3183 687 3256 igitur
700 3183 778 3239 donec
788 3183 912 3239 Pithoeaui
922 3184 1052 3237 auctoritas
1063 3181 1190 3236 commoda
1202 3180 1239 3234 in·

259 3265 431 3332 terpretatioue
441 3265 562 3334 ilnnotur,
575 3267 718 3322 deteriorem
729 3268 844 3322 familiam
854 3282 938 3321 uerum
948 3280 1055 3320 servasse
1066 3265 1174 3320 arbitror.

342 3347 394 3404 bib.
401 3349 430 3406 ll.
438 3349 488 3404 Sat.
495 3351 562 3408 Vlv.
570 3355 612 3419 28,
622 3351 690 3406 cuius
698 3365 781 3406 uersus
791 3352 856 3421 prior
864 3366 919 3421 pars
929 3350 1050 3422 languida,
1058 3348 1176 3419 posterior
1186 3345 1239 3418 piu·

256 3431 345 3502 guiset
355 3433 432 3487 otiosa
443 3442 487 3498 est,
499 3444 638 3506 suspectum
648 3436 707 3490 mibi
715 3451 769 3490 esse
778 3451 827 3489 non
835 3436 903 3505 potui
912 3433 1116 3506 consignificare:
1127 3431 1239 3486 fidentius

257 3522 338 3570 auteur
349 3520 476 3574 nonnas
486 3532 539 3572 mea
548 3521 684 3574 coniectura
697 3535 740 3589 pro
751 3519 801 3574 illic
810 3520 896 3588 scripsi
901 3519 988 3573 billiei.
995 3533 1017 3572 e.
1025 3516 1156 3582 intestinis,
1166 3529 1238 3586 quarn

255 3612 341 3654 vocem
352 3601 382 3656 ad
393 3601 469 3670 ipsam
480 3602 668 3670 paedioationern
680 3605 751 3658 etiam
762 3603 876 3658 lebedos
887 3602 969 3656 retulit
979 3599 1127 3655 testellouio
1137 3603 1238 3670 p.122;
1344 3596 1348 3601 ’

256 3682 318 3739 adde
334 3685 426 3739 obsera
443 3685 505 3754 apud
521 3691 630 3740 nostrum
648 3668 688 3741 lx.
700 3691 743 3744 la.
778 3686 918 3741 blunuscnla
935 3686 999 3739 enim
1015 3685 1125 3739 universe
1135 3699 1179 3738 cur
1189 3697 1237 3739 nou

256 3765 330 3822 etiam
340 3783 400 3838 puer
411 3769 500 3842 exigat
513 3783 586 3842 aegre
595 3770 696 3833 dixerim
708 3785 773 3824 nunc
783 3777 865 3824 autem
875 3769 905 3824 de
916 3770 982 3824 coitu
993 3769 1080 3840 agitur,
1092 3783 1164 3840 quem
1174 3780 1239 3822 uxor
