3050 4484
609 472 645 519 D.
667 472 739 519 IUN·
760 470 946 519 mvuutsms

569 823 611 915 ii.
637 820 745 915 tutti
770 816 993 914 tutotuto

590 1048 596 1071 .
691 1003 870 1080 noumsus

383 1146 394 1233 1
454 1060 564 1249 sn
600 1138 644 1246 u
679 1138 702 1246 1
736 1140 781 1249 u
814 1141 855 1248 n
889 1107 934 1250 'a
967 1092 1101 1250 um

644 1332 746 1397 LIBER
765 1333 918 1399 TERTIUS.

686 1520 868 1530 *—

602 1636 838 1704 SATIRA
879 1636 955 1701 VII.

285 1733 329 1827 Et
352 1784 421 1845 spes
441 1776 471 1826 et
492 1769 567 1828 ratio
587 1770 745 1829 studiorum
767 1769 797 1828 iu
818 1765 947 1828 Caesare
964 1776 1086 1827 tantum:

285 1850 372 1913 Solus
394 1852 467 1910 enim
489 1852 588 1913 tristes
609 1852 664 1913 hac
688 1860 861 1930 tempestate
886 1849 1027 1911 Camenas

285 1936 442 2012 Respexit,
466 1952 552 2013 quum
569 1936 625 2013 ium
647 1934 786 1997 celebres
806 1937 925 2015 notique
946 1943 1055 2013 poetae

284 2018 454 2081 Balneolum
474 2014 590 2096 Gabiis,
611 2018 722 2081 Rornae
742 2020 908 2081 conducere
930 2019 1032 2079 iurnos

285 2104 487 2180 Temptarunt,
509 2122 565 2163 uec
587 2104 705 2165 foedum
723 2104 772 2167 ulii
794 2123 849 2165 neo
872 2113 956 2181 turpe
980 2109 1114 2180 putarent
1254 2113 1272 2165 5

284 2188 449 2248 Praecones
470 2186 548 2256 deri;
572 2206 658 2267 quum
679 2188 804 2249 desertis
825 2187 995 2265 Aganippes

283 2269 415 2331 vallibus
435 2272 567 2331 esuriens
587 2273 726 2348 migraret
747 2274 777 2331 iu
796 2274 867 2332 atriu
888 2268 964 2330 clio.

282 2354 354 2415 Nam
377 2355 401 2412 si
423 2353 517 2415 Pieria
540 2356 683 2434 quadrans
702 2355 754 2415 tibi
776 2355 872 2415 nuilus
893 2357 924 2413 in
944 2352 1043 2413 umbra

284 2437 474 2515 Ostendatur,
497 2457 578 2501 ames
598 2454 704 2499 nornen
724 2442 890 2517 victumque
911 2437 1085 2499 Machaerae

283 2522 320 2583 Et
341 2522 452 2583 vendas
470 2524 584 2602 potius,
608 2524 761 2583 commissa
781 2524 860 2602 quod
885 2524 980 2583 uuctio
1001 2521 1101 2581 vendit

283 2606 448 2681 stantibus,
471 2606 688 2685 oenophorum,
710 2607 861 2685 tripodes,
883 2608 1021 2679 armaria,
1044 2605 1144 2681 cistas,

215 2702 220 2710 ’
282 2690 441 2750 Alcithoeu
460 2688 565 2763 Pacci,
589 2688 705 2749 Thebas
729 2700 760 2749 et
782 2690 877 2750 Terea
898 2688 1006 2756 Fausti.

282 2773 346 2832 Hoc
369 2774 475 2847 satius,
497 2790 582 2851 quarn
603 2774 629 2831 si
650 2774 730 2833 dicas
752 2772 806 2833 sub
827 2774 940 2848 iudice,
962 2772 1033 2847 vidi,

283 2856 368 2930 Quod
390 2874 447 2915 non
466 2856 577 2923 vidisti;
599 2856 707 2917 iaciunt
730 2858 844 2936 equites
866 2856 980 2931 Bithyni

283 2940 461 3018 Quamquam
482 2949 512 2999 et
534 2937 727 3019 Cappadoces
748 2943 855 3001 iaciunt
877 2942 1049 3021 equitesque
1070 2938 1181 3017 Asiani,
1234 2952 1271 3003 15

281 3023 384 3085 Altera
407 3042 480 3101 quos
502 3023 578 3083 nudo
601 3026 724 3085 traducit
744 3024 837 3086 Gallia
856 3026 926 3086 talo.

280 3106 374 3167 Nemo
396 3117 491 3167 tamen
513 3108 614 3167 studiis
635 3108 782 3186 iudignum
804 3110 883 3169 ferre
906 3109 1038 3169 laborem

282 3189 412 3269 cogetur
433 3191 573 3270 posthac,
595 3193 684 3253 nectit
706 3195 878 3271 quicumque
902 3192 1016 3251 cunonis

280 3272 435 3353 Eloquium
456 3276 561 3335 vocale
583 3277 678 3337 modis
695 3276 864 3355 laurumque
883 3274 1046 3335 momordit.

280 3357 344 3418 Hoc
363 3360 457 3435 agite,
480 3376 498 3418 o
518 3360 653 3420 iuvenes!
676 3360 874 3436 circumspicit
895 3368 925 3418 et
947 3359 1073 3419 stimulet
1096 3374 1151 3417 uos
1232 3366 1272 3421 it)

279 3440 488 3521 Materiemque
508 3442 561 3503 sibi
582 3444 664 3503 ducis
689 3443 865 3519 indulgentia
888 3444 1010 3521 quaerit.
1284 3464 1287 3467 ·

281 3526 311 3585 Si
334 3544 390 3605 qua
412 3524 527 3587 aiiunde
549 3534 634 3605 putus
654 3544 751 3586 rerum
773 3526 971 3604 exspectanda
993 3536 1102 3586 tuarum

279 3608 428 3671 Praesidio
450 3620 536 3687 atque
557 3610 624 3669 ideo
648 3626 773 3669 croceae
790 3609 953 3690 membrana
974 3609 1103 3670 tubeliue

278 3691 433 3772 impletur,
455 3692 598 3769 lignorum
620 3692 726 3772 aliquid
748 3709 841 3772 posce
862 3697 943 3755 ocius
966 3703 996 3753 et
1017 3712 1092 3772 quae
