3050 4484
330 460 370 523 82
655 472 700 525 n..
714 469 786 520 run.
808 470 993 521 masuram

330 615 368 675 Et
389 630 539 692 numquam
557 612 629 670 risis
650 612 767 689 triginta
790 611 868 671 clara
891 610 1033 670 mamillis.

291 746 294 753 .
329 698 457 759 Tandem
478 696 563 755 intrat
580 695 692 773 positus
715 695 826 754 inclusa
845 712 901 773 per
921 696 1050 773 aequora
1070 695 1165 756 moles

332 781 567 858 Tyrrhenamque
587 778 698 856 pharon
721 786 917 857 porrectaque
938 777 1056 838 brachia
1077 796 1201 855 rursum,

331 866 413 939 Quae
434 864 542 943 pelago
565 862 720 921 occurrunt
738 862 834 922 medio
856 861 1004 939 longeque
1024 862 1190 941 relinquunt

330 948 442 1009 ltaliam
459 948 539 1025 (nou
561 947 605 1005 sic
627 947 715 1022 igitur
732 945 877 1005 mirabere
897 954 1010 1023 portus,

331 1033 412 1106 Quos
433 1038 532 1091 natura
553 1029 668 1109 dedit);
691 1030 867 1089 sed‘trunca
888 1046 987 1107 puppe
1007 1030 1146 1106 magister

330 1115 470 1178 luteriora
492 1115 564 1192 petit
585 1113 708 1173 Baianae
727 1113 828 1191 pervia
851 1112 984 1187 cymbae,

332 1199 396 1259 Tuti
419 1207 519 1275 stagna
541 1198 635 1272 sinus,
658 1195 786 1274 gaudent
805 1194 855 1255 ubi
876 1197 989 1255 vertice
1010 1212 1078 1256 raso

332 1281 452 1342 Garrula
472 1281 569 1341 securi
590 1297 708 1340 narrare
726 1279 859 1359 pericula
878 1288 992 1339 nautae.
1090 1309 1094 1319 ·

373 1366 416 1426 lte
435 1366 538 1442 igitur,
561 1366 662 1442 pueri,
683 1363 792 1442 linguis
814 1364 973 1442 animisque
995 1363 1139 1439 faventes,

240 1518 247 1529 .
332 1451 475 1527 Sertaque
497 1447 627 1508 delubris
648 1456 678 1507 et
696 1448 774 1508 lurra
796 1448 934 1525 imponite
953 1448 1055 1506 cultris

331 1534 377 1593 Ac
397 1532 502 1593 molles
523 1539 623 1592 ornate
645 1532 732 1607 iocos
752 1530 929 1609 glebamque
950 1530 1104 1589 virentem!
1178 1569 1181 1574 <

331 1616 391 1677 lam
413 1632 520 1694 sequar
542 1625 572 1675 et
594 1633 695 1691 sacro,
713 1615 793 1695 quod
814 1623 960 1693 praestat,
978 1616 1034 1673 rite
1055 1622 1175 1693 peracto

330 1698 401 1760 lnde
423 1700 537 1759 domum
559 1706 706 1777 repetam,
725 1698 853 1777 graciles
874 1697 923 1757 ubl
944 1715 1034 1777 parva
1056 1714 1181 1758 coronas

332 1783 487 1861 Accipiunt
506 1782 603 1859 lragili
624 1782 778 1842 simulacra
798 1783 917 1842 nitentia
936 1799 1014 1842 cera.

331 1867 386 1926 llic
405 1874 533 1925 nostrum
555 1865 680 1945 placabo
700 1864 801 1925 lovem
821 1864 1000 1943 Laribusque
1022 1866 1151 1943 paternis

332 1950 408 2010 'l'ura
429 1950 504 2010 dabo
527 1958 613 2027 atque
636 1966 737 2009 omnes
758 1950 856 2009 violae
876 1949 993 2010 iactabo
1013 1949 1140 2010 colores.

333 2033 443 2093 Cuncta
465 2034 569 2101 nitent;
588 2032 695 2111 longos
717 2036 812 2093 erexit
831 2036 915 2093 ianua
936 2048 1032 2094 ramos

331 2118 370 2178 m
391 2118 532 2177 matutinis
552 2126 691 2196 operatur
712 2117 788 2178 festa
807 2118 945 2177 lucernis.
1107 2116 1109 2121 ’

331 2201 396 2261 Nec
418 2200 554 2279 suspecta
576 2200 627 2261 tibi
649 2200 704 2261 sint
723 2200 814 2276 haec,
837 2198 979 2260 Oorvine:
1003 2198 1144 2277 Catullus,
1189 2229 1191 2232 ·

256 2282 259 2303 ¹
332 2284 388 2345 l’ro
409 2286 489 2344 cuius
510 2285 604 2344 reditu
625 2292 669 2344 tot
689 2290 768 2364 pono
782 2281 902 2359 altaria,
925 2300 1034 2361 parvos

334 2368 407 2427 'lres
428 2367 517 2428 babet
537 2367 674 2427 heredes.
718 2368 803 2428 Libet
823 2378 1016 2446 exspectare,
1039 2368 1104 2448 quis
1121 2386 1239 2447 aegram
1281 2378 1320 2434 95

332 2451 370 2513 Et
391 2452 572 2512 claudentem
595 2452 697 2512 oeulos
719 2452 854 2529 gallinam
875 2453 1020 2531 impendat
1040 2453 1133 2513 amico
1169 2506 1174 2519 ,

333 2535 402 2595 Tam
419 2535 525 2604 sterili;
545 2554 645 2595 verum
665 2536 740 2597 hacc
760 2537 845 2596 nimia
867 2538 1077 2615 estimpensa:
1101 2538 1233 2598 coturnix

331 2618 418 2681 Nulla
436 2637 568 2697 umquam
589 2636 642 2698 pro
665 2629 747 2697 patre
767 2620 860 2679 cadet.
904 2619 1020 2680 Sentirc
1041 2615 1170 2683 calorem

333 2704 363 2762 si
384 2703 482 2780 coepit
503 2700 637 2780 locuples
660 2702 775 2763 Gallitta
796 2712 827 2762 et
846 2704 968 2764 Paccius
990 2704 1065 2781 orbi,

331 2786 472 2863 legitime
495 2786 560 2845 lixis
580 2787 705 2845 vestitur·
724 2792 791 2848 tota
805 2785 914 2847 libellis
1266 2800 1321 2853 loo

332 2869 482 2945 Porticus,
506 2870 647 2930 exsistunt
669 2872 717 2950 qui
741 2873 907 2951 promittant
928 2871 1137 2942 hecatomben;

333 2953 481 3026 Quatenus
501 2952 625 3015 hicnon
645 2964 709 3015 sunt
730 2974 787 3015 nec
808 2956 930 3016 venales
951 2956 1109 3034 elephanti,

331 3036 396 3097 Nec
416 3037 496 3099 Latio
519 3047 567 3099 aut
588 3056 708 3119 usquam
730 3040 783 3099 sub
804 3050 905 3100 nostro
932 3041 1029 3100 sidere
1049 3040 1116 3099 talis
1197 3085 1200 3090 >

331 3119 432 3181 Bellua
455 3124 633 3201 concipitur,
657 3124 710 3184 sed
731 3124 814 3185 lurra
834 3133 923 3202 gente
947 3125 1039 3202 petita

332 3204 494 3266 Arboribus
516 3205 628 3267 Rutulis
650 3218 679 3268 et
700 3206 788 3276 'lurni
808 3210 938 3287 pascitur
955 3224 1039 3283 agro,
1266 3216 1321 3271 loti

333 3286 469 3349 Caesaris
491 3300 663 3367 armentum,
684 3292 755 3352 nulli
777 3293 888 3352 servire
909 3299 1039 3368 paratum
1361 3290 1367 3307 ’

332 3372 460 3441 Privato:
484 3369 626 3453 siquidem
648 3374 736 3453 Tyrio
755 3393 861 3455 parere
884 3373 1021 3433 solebant

331 3455 483 3517 Hannibali
505 3468 534 3518 et
550 3461 657 3519 nostris
680 3459 800 3519 ducibus
818 3459 941 3537 regique
961 3456 1094 3517 llolosso

331 3538 439 3600 llorum
460 3542 586 3602 maiores
606 3560 640 3604 ac
663 3542 751 3603 dorso
773 3543 853 3602 ferre
876 3542 1016 3602 cohortes
1342 3584 1347 3595 .

331 3622 447 3685 Partem
456 3625 591 3711 ,aliquam
609 3625 738 3705 bellique
760 3636 790 3687 et
812 3635 926 3687 euntem
944 3629 973 3686 in
990 3625 1103 3705 proelia
1119 3634 1235 3685 turrem.
1265 3635 1322 3687 110

330 3704 417 3769 Nulla
434 3702 521 3786 igitur
542 3726 622 3769 mora
642 3729 696 3789 per
716 3709 855 3789 Novium,
877 3729 957 3772 mora
978 3710 1056 3771 nulla
1076 3727 1130 3789 pcr
1147 3708 1276 3768 Histrum
