3050 4484
283 496 328 596 92ι
609 508 644 555 n.
666 508 736 555 run.
759 506 945 555 mvsnsuss

285 646 419 709 Clamore
441 664 477 729 qo
498 655 565 724 post
589 646 663 706 baec
685 645 799 706 tabulas
819 654 930 706 mutare
954 644 1086 723 parabis:
1228 658 1268 712 55

283 731 366 791 Unde
388 730 438 789 tibi
460 730 583 789 frontem
606 730 828 807 libertatemque
850 730 989 808 parentis,
1135 801 1139 806 .

285 812 377 887 Quum
399 813 488 873 lacius
512 814 613 892 peiora
636 830 729 874 senex
750 831 929 890 vacuumque
954 812 1079 874 cerebro

284 896 342 957 lam
365 898 475 975 pridem
498 906 585 975 caput
608 896 666 956 hoc
690 897 812 957 ventosa
837 896 985 957 cucurbita
1012 892 1153 975 quaerat?

326 979 448 1059 Hospite
471 990 608 1056 venturo,
633 980 759 1041 cessabit
782 996 869 1039 nemo
894 990 1017 1039 tuorum.
1211 977 1217 984 ’

285 1064 378 1123 Verre
399 1064 606 1143 pavimentum,
630 1064 732 1124 nitidas
750 1063 878 1144 ostende
900 1064 1059 1139 columnas,
1230 1072 1269 1127 tto

284 1147 374 1207 Arida
397 1166 461 1207 cum
483 1156 543 1208 tota
568 1147 727 1208 descendat
750 1164 856 1207 aranea
876 1148 947 1223 tela,

283 1229 338 1291 llic
360 1231 426 1290 leve
450 1240 616 1308 argentum,
640 1248 710 1291 vasa
734 1247 839 1309 aspera
862 1239 977 1309 tergeat
1000 1229 1088 1289 alter:
1198 1288 1200 1293 .

284 1313 351 1374 Vox
374 1314 479 1374 domini
504 1316 570 1395 furit
595 1316 724 1373 instantis
746 1317 914 1392 virgamque
938 1314 1073 1375 terrentis.

284 1396 364 1475 Ergo
388 1400 475 1457 miser
497 1398 640 1476 trepidas,
662 1416 700 1457 ne
722 1408 854 1457 stercore
875 1398 963 1458 ioeda
986 1398 1088 1461 oauiuo

251 1496 254 1503 ’
284 1482 367 1541 Atria
389 1482 561 1560 displiceant
583 1482 676 1541 oculis
700 1484 843 1541 venientis
868 1482 962 1556 amici,
1232 1488 1268 1543 65

283 1564 328 1623 Ne
351 1564 470 1642 perlusa
499 1566 559 1625 luto
585 1566 623 1625 sit
645 1568 790 1644 porticus:
816 1575 847 1624 et
865 1575 961 1627 tamen
981 1581 1038 1624 uno

285 1648 423 1707 Semodio
448 1648 547 1707 scobis
569 1648 643 1709 baec
666 1650 800 1709 emendat
824 1650 958 1709 servulus
981 1666 1068 1708 unus:

284 1730 358 1790 lllurl
385 1748 443 1789 non
469 1734 578 1809 agitas,
602 1742 633 1791 ut
655 1742 784 1792 sanctem
803 1732 878 1793 iilius
902 1735 977 1792 omni

285 1814 418 1892 Aspiciat
436 1816 498 1873 sine
525 1815 592 1875 labe
616 1816 728 1875 domum
752 1817 884 1893 vitioque
908 1812 1073 1875 carentem?

286 1896 403 1957 Gratum
428 1907 489 1973 est,
514 1899 591 1977 quod
613 1901 723 1977 patriae
749 1902 843 1965 civem
866 1898 1035 1979 populoque
1062 1896 1176 1971 dedisti,
1232 1903 1269 1958 to

286 1981 316 2041 Si
339 1982 413 2041 lacis
438 1991 468 2041 ut
494 1984 604 2061 patriae
630 1984 666 2042 sit
691 1984 832 2057 idoneus,
859 1983 936 2042 utilis
961 1984 1050 2058 agris,

188 2133 191 2149 A
285 2063 370 2123 Utilis
395 2074 424 2125 et
448 2066 591 2127 bellorum
613 2076 642 2126 et
666 2068 747 2145 pacis
769 2067 868 2126 rebus*
883 2065 1013 2143 agendis.

286 2148 440 2209 Plurimum
461 2152 534 2209 enim
553 2152 700 2225 intererit,
725 2150 828 2228 quibus
846 2150 954 2209 artibus
974 2158 1004 2207 et
1022 2148 1127 2227 quibus
1145 2148 1220 2209 huuc
1237 2154 1268 2208 ιιι

285 2230 415 2291 lloribus
440 2234 579 2293 instituas.
620 2236 764 2313 Serpente
787 2234 900 2292 ciconia
919 2231 1016 2310 pullos

285 2314 381 2374 Nutrit
406 2324 435 2375 et
456 2318 570 2376 inventa
595 2336 649 2396 per
673 2318 757 2377 devia
777 2335 844 2376 rura
867 2316 992 2376 lacerta:
1233 2320 1268 2377 ts

286 2396 333 2457 llli
359 2398 461 2459 eadem
488 2402 608 2479 sumptis
635 2410 778 2479 quaerunt
801 2400 932 2459 animalia
955 2400 1058 2477 pinnis.

285 2480 390 2540 Vultur
414 2484 540 2543 iumento
564 2494 593 2544 et
617 2485 734 2545 canibus
758 2483 952 2563 crucibusque
973 2482 1082 2543 relictis

286 2563 332 2623 nd
358 2564 434 2625 letus
463 2578 603 2645 properat
625 2578 796 2647 partemque
822 2568 972 2627 cadaveris
994 2566 1093 2627 affert:

285 2646 339 2707 llic
365 2658 411 2707 est
433 2667 504 2727 ergo
528 2651 608 2710 cibus
630 2654 725 2728 magni
748 2668 865 2729 qaoque
886 2652 1008 2711 vulturis
1033 2657 1116 2708 etse

285 2730 450 2808 Pascentis,
474 2736 592 2811 propria
614 2752 698 2811 quum
720 2736 775 2793 iam
796 2735 865 2793 iacit
886 2734 992 2804 arbore
1013 2733 1106 2792 nidos.
1231 2738 1269 2791 80

286 2808 353 2873 sert·
369 2814 500 2893 leporem
525 2827 578 2885 aut
598 2836 734 2897 capream
756 2818 881 2877 famulae
904 2816 982 2877 lovis
1003 2826 1033 2876 et
1052 2831 1215 2893 generosae

285 2896 316 2956 ln
340 2897 414 2957 saltu
437 2910 577 2960 venantur
599 2918 684 2977 aves,
708 2894 776 2961 hino
796 2901 905 2979 praeda
932 2901 1020 2961 cubili
1130 2962 1132 2965 ,

213 2970 217 2991 ¹
285 2980 418 3041 Ponitur:
441 2979 507 3043 iride
530 2994 624 3043 autem
645 3004 731 3063 quum
754 3002 787 3044 se
806 2995 915 3045 matura
937 2984 1045 3048 levabit

181 3140 185 3145 Ι
285 3064 461 3141 Progenies,
487 3068 649 3129 stimulante
672 3070 747 3129 ianne
770 3069 888 3129 festinat
907 3068 942 3127 ad
963 3067 1051 3141 illam,

286 3146 377 3221 Quam
399 3152 519 3228 primum
536 3153 672 3229 praedam
694 3162 779 3232 rupto
802 3161 971 3229 gustaverat
992 3166 1059 3208 ovo.
1232 3156 1268 3211 85

327 3232 506 3294 Aedificator
528 3245 590 3295 erat
612 3233 766 3297 Cretonius
798 3246 828 3296 et
859 3234 945 3293 modo
972 3250 1062 3292 curvo

263 3314 382 3376 ‘Litore
407 3315 542 3394 Caietae,
565 3336 672 3379 surrrma
695 3338 770 3379 nunc
790 3318 904 3378 'l'ibnris
926 3333 1006 3392 arce,

285 3398 377 3459 Nunc‘
390 3400 585 3462 Praenestinis
607 3404 635 3461 in
656 3402 800 3463 montibus
823 3401 881 3460 alta
903 3400 1024 3478 parabat

287 3480 416 3543 culmina
435 3484 567 3545 villamm
584 3485 703 3545 Graecis
726 3487 873 3561 longeque
893 3486 991 3562 petitis

285 3564 492 3643 blarmoribus‚
514 3572 632 3630 vincens
654 3570 799 3629 Portunae
821 3577 908 3647 atque
928 3566 1063 3629 Herculis
1085 3566 1197 3642 aedem,
1232 3576 1269 3631 90

256 3720 258 3724 .
284 3648 324 3709 Ut
345 3652 436 3728 spado
458 3652 593 3711 vincebat
616 3650 759 3731 Capitolia
782 3662 880 3711 nostra
902 3651 1032 3711 Posides.

286 3730 360 3791 Dum
382 3736 517 3813 sicergo
540 3734 648 3795 habitat
672 3727 854 3811 Cretonius}
884 3736 1021 3795 imminuit
1041 3752 1114 3810 rem,
