3050 4484
591 432 717 481 suumn
739 434 797 480 XV.

266 574 394 637 Naturae
421 574 542 653 imperio
564 576 722 650 gemimus,
748 591 834 650 quum
855 573 949 634 funus
964 574 1080 636 adultae

267 659 395 737 Virginis
417 659 545 718 occurrit
569 657 619 716 vel
641 666 720 716 terra
742 656 886 717 clauditur
912 659 1006 719 inians

266 742 304 805 Et
327 745 420 803 minor
440 744 508 819 igue
531 744 611 819 rogi;
636 744 700 819 quis
724 742 800 799 euim
822 740 916 801 bonus
939 752 969 801 et
989 742 1055 804 iace
1077 747 1180 825 dignus
1204 757 1257 815 llo

266 827 399 901 Arcana,
424 827 539 905 qualern
567 823 685 885 Cereris
707 824 771 883 vult
793 843 861 883 esse
883 827 1037 903 sacerdos,

267 910 334 971 Ulla
356 910 452 970 aliena
467 909 528 969 sibi
554 908 647 969 credit
668 905 766 970 mala?
802 904 929 986 Separat
950 910 1009 971 boc
1031 930 1085 972 nos

266 994 293 1053 A
318 1012 412 1071 grege
433 1003 592 1069 mutorum,
616 1004 703 1073 atque
726 992 794 1052 ideo
817 993 987 1053 venerabile
1010 996 1067 1056 soli

267 1080 367 1139 Sortiti
388 1080 534 1155 ingenium
557 1078 777 1155 divinorumque
800 1094 926 1155 capaces

227 1176 235 1187 ·
266 1162 364 1239 Atque
392 1162 566 1222 exercendis
593 1161 803 1241 capiendisque
830 1160 939 1227 artibus
965 1165 1026 1240 apti
1204 1179 1255 1237 145

267 1246 390 1305 Sensum
417 1244 582 1305 conelesti
608 1244 762 1305 demissum
785 1246 922 1304 maximus
945 1264 1024 1321 arce,

174 1362 179 1367 -
268 1326 355 1389 Gaius
378 1339 467 1406 egent
488 1346 580 1407 prona
604 1338 633 1387 et
654 1338 761 1388 terram
783 1330 955 1406 spectantia.
995 1330 1092 1394 blundi

266 1412 411 1491 Principio
436 1412 554 1472 indulsit
580 1414 737 1472 communis
760 1411 894 1471 conditor
917 1413 975 1473 illis

266 1496 387 1556 Tantum
411 1498 537 1573 animas,
560 1496 645 1556 nobis
668 1499 790 1557 animum
812 1514 946 1575 quoque,
970 1508 1084 1561 mutuus
1105 1513 1137 1564 ut
1158 1525 1211 1576 uos

266 1580 398 1641 Allectus
422 1590 526 1660 petere
548 1582 684 1641 auxilium
707 1590 736 1640 et
761 1590 913 1659 praestare
935 1580 1060 1661 iuberet,
1202 1602 1255 1657 150

266 1664 426 1743 Dispersos
449 1665 567 1725 trahere
588 1667 617 1724 in
638 1664 794 1744 populum,
817 1666 943 1742 migrare
966 1676 1082 1728 vetusto

266 1748 311 1807 De
333 1766 453 1809 nemore
476 1758 506 1808 et
526 1752 644 1828 proavis
670 1748 813 1809 habitatas
835 1749 968 1827 linquere
993 1753 1093 1833 silvas,

266 1832 431 1893 Aedificare
452 1832 572 1909 domos,
597 1832 707 1893 laribus
733 1835 913 1910 coniungere
933 1838 1042 1897 nostris

266 1915 387 1979 'lectum
406 1917 501 1993 aliud,
528 1926 607 1977 tutos
628 1919 725 1977 vicino
752 1918 849 1976 limine
872 1935 990 1977 somnos

265 1999 304 2060 Ut
328 2000 435 2060 collata
456 2000 539 2059 daret
561 2001 683 2075 fiducia,
707 2008 867 2079 protegere
891 2004 977 2060 armis
1202 2018 1254 2076 155

264 2082 389 2160 Lapsum
414 2092 463 2143 aut
484 2085 593 2160 ingenti
613 2092 761 2143 nutantem
783 2084 904 2143 vulnere
928 2086 1032 2162 civem,

266 2164 415 2227 Communi
438 2166 507 2235 dare
530 2170 612 2244 signa
635 2167 719 2244 tuba',
749 2167 901 2240 defendier
928 2168 1019 2229 isdem

266 2248 406 2310 Turribus
428 2261 514 2330 atque
537 2271 592 2311 una
615 2261 763 2329 portarum
790 2252 873 2312 clave
900 2255 1003 2311 teneri.

265 2332 326 2393 Sed
347 2336 403 2394 iam
428 2346 594 2413 serpentum
616 2336 708 2395 maior
731 2336 907 2404 concordia;
930 2339 1024 2414 parcit

266 2416 406 2493 Cognatis
428 2420 549 2479 maculis
571 2419 672 2478 similis
695 2420 778 2479 lera:
805 2419 919 2497 quando
941 2420 1021 2479 leoni
1201 2435 1254 2491 160

264 2500 382 2560 Fortior
395 2504 510 2581 eripuit
530 2505 616 2563 vitam
639 2500 711 2562 leo?
737 2521 795 2581 qno
816 2520 937 2562 nemore
959 2522 1092 2583 umquam

264 2584 433 2663 Exspiravit
458 2605 530 2665 aper
551 2589 668 2647 maioris
691 2586 824 2647 dentibus
848 2584 933 2664 apri?

264 2668 362 2729 lndica
386 2672 469 2748 tigris
497 2674 557 2748 agit
577 2670 676 2749 rabida
701 2690 765 2731 cum
786 2671 893 2748 tigride
915 2688 1019 2750 paoem

265 2752 456 2831 Perpetuam,
482 2758 579 2814 saevis
603 2759 677 2815 iuter
700 2774 734 2815 se
757 2757 893 2815 convenit
910 2757 1002 2815 ursis:

264 2836 320 2895 Ast
343 2838 449 2897 bomini
470 2840 578 2902 ferrum
601 2840 691 2899 letale
713 2840 819 2899 incude
841 2839 990 2910 nefanda·
1200 2852 1253 2909 165

264 2920 441 2981 Produxisse
467 2940 567 3001 parum
593 2932 653 2997 est,
680 2940 765 3000 quum
787 2932 880 2982 rastra
903 2931 932 2981 et
958 2924 1073 2986 sarcula
1093 2934 1200 2987 tantum

264 3003 384 3065 Assueti
408 3022 538 3085 coquere
563 3012 592 3065 et
610 3008 711 3065 marris
734 3026 770 3067 ac
791 3024 911 3065 vomere
937 3007 1008 3067 lassi

263 3086 431 3149 Nescierint
454 3091 538 3168 primi
560 3090 676 3168 gladios
702 3090 863 3151 extendere
884 3088 969 3150 labri.

263 3171 430 3251 Aspicimus
452 3174 597 3253 populos,
622 3192 744 3253 quorum
766 3192 825 3234 nou
847 3175 955 3235 suflicit
977 3178 1038 3235 irae

227 3266 232 3271 ’
266 3253 418 3316 Occidisse
440 3258 582 3337 aliquem,
606 3259 660 3319 sed
683 3269 824 3339 pectora,
847 3258 982 3334 brachia,
1006 3259 1115 3319 uultum
1201 3267 1253 3325 1to

265 3335 449 3401 crediderint
470 3360 563 3419 genus
585 3360 653 3403 esse
678 3344 751 3412 cibi;
776 3343 844 3423 quid
866 3344 979 3404 diceret
1004 3360 1077 3420 ergo

262 3421 319 3481 Vel
346 3442 403 3501 quo
429 3442 487 3484 non
509 3426 641 3504 lugeret,
667 3424 694 3487 si
716 3446 792 3488 nunc
813 3428 888 3489 baec
909 3436 1037 3486 monstra
1062 3427 1186 3502 videret,

262 3504 461 3585 Pythagoras,
488 3512 600 3571 cunctis
625 3512 794 3573 animalibus
816 3512 955 3575 abstinuit¹
973 3512 1021 3589 qui

262 3588 419 3669 Tamquam
443 3593 559 3654 bomine
587 3605 617 3655 et
643 3599 737 3655 ventri
762 3597 880 3656 indulsit
901 3612 959 3654 nou
985 3612 1069 3654 omne
1093 3593 1250 3672 legumen?

655 3720 855 3731 *—
