3050 4484
640 470 764 519 surum
782 437 859 519 uun.

259 610 427 690 {Coruinum
449 618 478 670 et
499 608 617 669 Galbam
637 588 772 669 auricdlis
791 625 921 689 nasoque
940 608 1108 671 carentem?

177 742 181 747 .
258 694 330 767 Quis
351 695 477 769 tructus,
500 694 618 771 generis
641 692 737 753 tabula
758 694 867 765 iactare
888 694 1000 772 capaci}

219 797 221 801 ·
254 774 429 852 Corvinum,
451 776 578 855 posthac
592 777 680 835 multa
703 778 872 853 contingere
892 778 976 851 virga

257 859 398 921 Fumosae
420 863 545 937 equitum
567 878 631 919 eum
651 860 792 921 dictatore
810 862 980 935 magistros,

227 958 230 965 ’
257 943 288 1001 Si
311 960 409 1003 coram
429 942 548 1021 Lepidis
569 943 644 1003 male
664 940 789 1007 vivitur?
811 942 925 1018 efligies
944 958 1003 1019 quo
1094 948 1107 989 'r

257 1025 313 1085 Tot
335 1026 571 1101 bellatorum‚·si
592 1026 697 1087 luditur
718 1025 785 1085 alea
804 1042 917 1103 pernox

256 1110 333 1168 Ante
355 1106 563 1169 Numantinos?
585 1110 610 1169 si
631 1110 756 1169 dormire
778 1110 881 1187 incipis
904 1116 968 1167 ortu

135 1259 140 1265 ,
255 1191 398 1266 Luciferi,
419 1208 476 1269 quo
498 1193 580 1267 signa
603 1192 692 1251 duces
709 1192 742 1251 'et
766 1201 860 1252 castra
881 1189 1058 1253 movebant?

257 1272 316 1333 Cur
338 1273 539 1351 Allobrogicis
563 1284 592 1333 et
610 1292 713 1350 magna
733 1276 860 1351 gaudeat
881 1292 931 1335 ara
966 1312 969 1318 ·

256 1356 347 1416 Natus
370 1358 398 1415 iu
420 1356 566 1417 Herculeo
589 1356 796 1434 Fabiuslare,
818 1360 844 1417 si
866 1358 1007 1437 cupidus‚
1029 1359 1054 1417 si

255 1440 354 1499 Vanus
377 1450 406 1500 et
426 1440 567 1519 Euganea
589 1441 769 1517 quantumvis
790 1442 906 1502 mollior
927 1438 1024 1517 agra?

257 1524 288 1583 Si
310 1532 441 1584 tenerum
463 1527 574 1585 attritus
597 1521 743 1583 Catinensi
766 1526 880 1602 pumice
900 1524 1024 1584 lumbum
1096 1523 1099 1528 ’

258 1608 431 1687 Squalentes
448 1608 571 1668 traducit
591 1624 662 1668 avos
685 1616 858 1686 emptorque
878 1609 982 1667 veneni

257 1688 427 1767 Frangenda
448 1692 581 1751 miseram
604 1691 730 1751 funestat
752 1692 876 1767 imagine
896 1689 1035 1768 gentem?

258 1772 330 1832 Tota
352 1775 422 1833 licet
442 1783 561 1835 veteres
583 1783 726 1834 exornent
745 1774 872 1852 undique
895 1792 982 1833 uerae

256 1856 353 1931 Atria,
374 1856 509 1917 nobilitas
531 1858 593 1917 sola
616 1867 768 1935 astatque
790 1860 874 1918 unica
892 1859 993 1917 virtus.

256 1938 361 1997 Paulus
382 1940 432 1998 vel
457 1938 566 1999 Cossus
588 1941 637 2001 vel
657 1940 770 2001 Drusus
788 1941 917 2001 moribus
936 1951 1017 2009 esto;

257 2021 318 2081 llos
340 2030 405 2087 aute
426 2023 542 2099 effigies
562 2026 700 2083 maiorum
721 2041 799 2101 pone
820 2033 952 2091 tuorum;

256 2102 440 2165 Praecedaut
462 2107 541 2183 ipsas
563 2106 605 2165 illi
626 2116 655 2165 te
676 2106 798 2171 consule
818 2106 926 2183 virgas.

256 2186 349 2247 Prima
370 2188 438 2247 mibi
460 2188 553 2248 debes
575 2190 658 2249 animi
680 2188 773 2258 bona;
797 2198 913 2250 sanctus
935 2188 1037 2251 baberi

256 2268 445 2349 iustitiaeque
463 2280 552 2331 tenax
572 2272 657 2333 iactis
679 2273 822 2351 dictisque
843 2275 981 2333 mereris:

256 2354 399 2431 Agnosco
422 2372 587 2433 procerem
632 2356 737 2432 Salve,
762 2356 929 2454 Gaetulice,
952 2375 1006 2417 seu
1027 2366 1056 2415 tu

257 2438 387 2497 Silanus:
408 2454 603 2537 quocumque
611 2438 668 2499 alio
691 2440 727 2501 de
746 2441 886 2516 sauguine
906 2458 991 2501 rarus

259 2516 339 2579 Civis
362 2530 390 2579 et
412 2522 550 2599 egregius
572 2522 683 2601 patriae
704 2524 847 2598 confingis
867 2525 979 2598 ovanti,

256 2600 430 2665 Exclamare
449 2605 536 2682 libet,
558 2606 684 2705 populus
704 2606 780 2686 quod
803 2607 908 2667 clamat
930 2568 1005 2666 Osiri

229 2749 232 2757 ,
257 2686 388 2749 Invento.
434 2689 504 2764 Quis
525 2691 600 2754 euim
619 2708 795 2767 generosum
817 2690 922 2751 dixerit
941 2690 1032 2766 bunc,
1054 2692 1102 2769 qui

256 2770 393 2848 Indignus
411 2790 521 2857 genere
543 2782 572 2833 et
594 2775 747 2851 praeclaro
768 2775 888 2834 nomine
907 2782 1014 2833 tautum

257 2851 404 2931 Insignis?
426 2872 528 2915 nanum
550 2857 695 2915 cuiusdam
712 2856 831 2917 Atlanta
851 2872 1002 2931 vocamus,

257 2938 434 3016 Aethiopem
450 2942 595 3015 cycnum,
617 2956 734 3016 prauam
758 2949 958 3015 extortamque
980 2938 1106 3017 puellam
1190 2968 1194 2973 ·

257 3020 412 3100 Europam
436 3020 554 3081 canibus
575 3021 668 3099 pigris
687 3020 846 3100 scabicque
868 3030 983 3083 vetusta

257 3104 384 3165 Levibus
407 3113 436 3164 et
458 3106 559 3165 siccae
576 3103 767 3165 lambentibus
790 3121 842 3163 ora
864 3105 1002 3166 lucernae
1208 3114 1242 3166 85

223 3219 228 3227 ,
257 3187 371 3247 Nomen
391 3190 445 3248 erit
467 3188 590 3284 pardus,
612 3188 712 3265 tigris,
736 3184 803 3262 leo,
826 3206 851 3246 sn
843 3188 936 3265 quid
953 3189 1047 3251 adbuc
1067 3198 1114 3249 est
1224 3216 1227 3220 ¹

259 3272 344 3345 Quod
362 3272 495 3332 iremat
485 3266 618 3332 interris
637 3268 814 3331 violentius?
857 3270 938 3350 Ergo
960 3272 1080 3333 cavebis

259 3354 297 3415 Et
318 3365 445 3431 metues,
469 3374 506 3415 ue
527 3364 557 3415 tu
580 3357 623 3415 sic
644 3351 778 3415 Creticus
799 3363 848 3415 aut
869 3353 1047 3417 Camerinus.

301 3438 354 3499 His
376 3456 432 3525 ego
455 3457 540 3517 quem
562 3435 679 3499 monui?
705 3447 802 3499 tecum
818 3448 865 3499 est
881 3440 950 3501 milri
971 3455 1084 3514 sermo,
1105 3436 1224 3499 Rubelli

258 3522 379 3582 Blande.
417 3511 530 3600 Turpes
544 3522 611 3584 alto
632 3522 792 3585 Drusorum
813 3532 981 3598 stemmate,
1003 3532 1146 3601 tamquam
1209 3529 1246 3584 dt)

258 3604 410 3665 Feceris
401 3624 465 3683 ipse
488 3604 610 3684 aliquod,
629 3607 848 3685 propterquod
868 3606 975 3665 nobilis
996 3624 1092 3681 esses,

258 3688 297 3749 Ut
318 3699 348 3748 te
366 3691 551 3769 conciperet,
574 3708 649 3768 quoe
672 3693 811 3774 sanguine
831 3689 925 3766 fulget
943 3688 1009 3766 luli,
