3050 4484
313 454 354 517 98
625 466 661 515 o.
684 466 755 515 nm.
778 466 964 513 unvunnms

313 604 422 666 Oceani
442 614 569 666 monstra
593 616 623 666 11
644 608 766 665 iuvenes
788 605 898 665 vidisse
918 604 1054 664 marinos.

310 688 377 749 Non
398 708 470 749 uuus
493 699 605 749 mentes
626 691 717 767 agitat
742 690 838 749 furor:
859 689 910 748 ille
931 691 1042 747 sororis
1109 722 1112 727 -

310 770 343 833 ln
364 772 493 833 manibus
516 773 595 833 vultu
616 772 805 833 Eumenidum
825 781 951 831 terretur
973 782 1002 831 et
1023 774 1094 848 igni,

309 856 363 919 llic
385 856 462 916 bove
485 874 627 935 percusso
646 858 757 933 mugire
780 856 997 931 Agamemnona
1020 856 1113 915 credit

310 939 368 999 Aut
389 940 532 1009 Ithacum;
555 949 657 1019 parcat
678 942 783 999 tunicis
806 939 875 998 licet
897 948 986 1016 atque
1009 938 1146 1017 lacernis,

311 1021 460 1086 Garatoris
484 1033 569 1101 eget,
600 1026 648 1102 qui
673 1041 776 1082 navem
798 1021 944 1084 mercibus
966 1021 1069 1100 implet

308 1107 355 1167 Ad
378 1126 514 1167 summum
534 1107 608 1173 latus
631 1118 660 1167 et
681 1106 779 1166 tabula
798 1107 982 1182 distinguitur
1003 1106 1089 1181 unda,
1184 1155 1186 1160 .

310 1190 403 1263 Quum
425 1192 462 1249 sit
485 1208 572 1251 causa
598 1192 665 1251 mali
686 1192 756 1250 tanti
778 1198 808 1249 et
830 1190 1002 1249 discriminis
1025 1188 1110 1254 buius

310 1272 465 1334 concisum
488 1284 637 1351 argentum
659 1274 807 1333 intitules
833 1272 986 1351 faciesque
1009 1274 1160 1338 minutas·

309 1356 471 1419 Occurrunt
492 1358 584 1417 nubes
607 1367 636 1417 et
658 1358 789 1434 fulgura:
822 1356 936 1417 Solvite
958 1356 1066 1431 funem,

308 1438 453 1501 Frumenti
476 1442 607 1502 domiuus
632 1442 736 1501 clamat
757 1442 906 1519 piperisve
931 1442 1068 1517 coempti,

307 1522 355 1584 Nil
379 1526 463 1585 color
482 1526 530 1585 bic
553 1526 648 1601 coeli,
676 1526 716 1584 1111
741 1526 833 1584 fascia
853 1525 936 1600 nigra
961 1524 1097 1590 minatum

307 1606 458 1669 Aeetivum
480 1618 570 1669 tonat.
595 1642 636 1653 —-
667 1608 774 1669 lulelix
795 1608 850 1668 bac
873 1607 994 1667 forsitan
1015 1608 1078 1684 ipsu

307 1689 401 1751 Nocte
425 1692 501 1753 cadit
522 1693 623 1751 fractis
636 1692 792 1765 trabibus,
814 1691 961 1769 fluctuque
983 1697 1132 1768 premetur

308 1772 434 1833 Obrutus
457 1784 487 1834 et
508 1792 609 1837 aonam
633 1775 717 1834 laeva
734 1791 895 1851 morsuque
917 1770 1036 1833 tenebit.

308 1858 367 1917 Sed
390 1858 470 1917 cuius
493 1860 569 1918 votis
591 1859 677 1918 modo
701 1876 759 1921 nun
780 1857 937 1917 suffecerat
959 1874 1068 1932 aurum,

308 1940 393 2013 Quod
415 1940 512 2019 'fagus
535 1952 564 2001 et
587 1941 672 2003 rutila
697 1942 790 2002 volvit
812 1941 949 2001 Pactolus
967 1957 1066 2015 uranu,

306 2022 422 2101 frigida
446 2026 592 2086 sufficient
613 2026 745 2085 velantes
767 2027 881 2101 inguina
904 2023 990 2103 pauni

306 2106 496 2187 Exiguusque
522 2109 621 2184 cibus,
643 2128 738 2169 mersa
763 2118 826 2169 rate
849 2109 1006 2185 naufragus
1030 2124 1126 2167 assem

305 2189 379 2250 Dum
404 2204 491 2271 rugat
513 2204 542 2253 et
564 2196 641 2272 picta
664 2212 697 2253 se
720 2201 895 2271 tempestate
916 2200 1023 2251 tuetur.
1130 2209 1132 2212 ·

349 2274 447 2335 'fantis
470 2287 551 2355 parta
574 2277 657 2337 malis
682 2294 751 2338 cura
773 2278 883 2336 maiore
906 2284 1042 2351 metuque

306 2359 472 2419 Servantur.
500 2358 606 2420 blisera
630 2362 791 2437 estmagni
812 2358 943 2419 custodia
964 2356 1086 2420 census!

305 2441 462 2521 Dispositis
486 2446 641 2521 praedives
663 2440 754 2505 hamis
775 2444 900 2520 vigilare
923 2442 1074 2503 cohortem

305 2526 463 2587 Servorum
484 2538 571 2587 noctu
593 2526 708 2587 Licinus
731 2528 827 2601 iubet,
850 2527 986 2586 attonitus
1009 2541 1064 2604 pro

304 2606 425 2670 Electra
449 2613 597 2689 signisque
624 2613 683 2671 suis
705 2611 890 2688 Phrygiaque
914 2610 1047 2669 columna

303 2690 401 2769 Atque
424 2693 515 2753 ebore
541 2704 570 2753 et
592 2694 651 2753 lata
672 2694 827 2753 testudine.
862 2692 949 2753 Delia
974 2693 1068 2756 nudi.

304 2774 369 2835 Nou
392 2778 493 2837 ardent
517 2774 633 2852 Gpnici3
658 2779 683 2835 ei
704 2778 847 2855 fregeris,
865 2777 964 2836 altera
986 2776 1036 2838 fiet

305 2856 377 2919 Grae
401 2860 517 2937 domus,
541 2871 628 2940 atquc
648 2862 750 2923 eadem
769 2860 887 2940 plumbo
904 2862 1058 2922 commissa
1074 2860 1210 2923 mauebit.
1238 2873 1296 2927 31⁰
1397 2915 1398 2920 ,

278 3002 279 3007 ,
305 2944 402 3002 Sensit
425 2944 609 3021 Alexander,
636 2954 712 3006 testa
733 2962 819 3025 quum
840 2945 911 3004 vidit
932 2947 960 3003 iu
983 2944 1033 3004 illa

303 3025 438 3104 llaguum
459 3028 667 3105 habitatorem,
692 3039 799 3109 quanto
823 3028 940 3088 felicior
959 3028 1023 3103 bic,
1047 3029 1095 3105 qui

303 3109 351 3170 Nil
373 3122 511 3190 cuperet,
535 3131 620 3190 quam
644 3116 692 3191 qui
713 3122 804 3173 totum
826 3111 881 3171 sibi
903 3120 1043 3191 posceret
1069 3110 1180 3188 orbem,

303 3193 445 3255 Passurus
467 3198 559 3273 gestis
582 3198 732 3275 aequanda
755 3195 887 3276 pericula
907 3194 1006 3253 rebus.

302 3276 419 3337 Nullum
441 3298 544 3339 numen
566 3280 667 3357 abest,
694 3282 719 3341 si
742 3282 779 3341 sit
800 3278 965 3359 prudcutfa;
991 3295 1046 3339 uos
1067 3289 1108 3355 te,
1239 3289 1296 3344 315

303 3360 365 3421 Nos
389 3363 526 3441 facimus,
548 3364 693 3441 Fortuna,
717 3366 810 3428 deam.
846 3360 980 3422 Mensura
1001 3372 1097 3423 tamen
1117 3381 1193 3441 quae

303 3444 434 3507 Sufficiat
458 3464 579 3525 census,
604 3451 629 3509 si
652 3450 716 3527 quis
738 3466 784 3507 me
811 3446 961 3521 consulat,
981 3446 1079 3507 edam:

302 3528 335 3589 lu
358 3540 492 3607 quantum
515 3533 578 3593 sitis
600 3542 687 3612 atque
712 3533 804 3593 fames
828 3538 858 3590 et
881 3530 992 3607 frigora
1011 3538 1147 3609 poscunt,

304 3612 461 3691 Quantum,
482 3614 627 3693 Epicure,
649 3616 702 3675 tibi
723 3618 821 3695 parvis
844 3614 959 3675 suffecit
979 3616 1008 3673 in
1031 3614 1133 3689 bortis,
1198 3616 1202 3621 ’

252 3702 261 3719 ·
304 3694 446 3769 Quantum
469 3698 612 3759 Socratici
638 3710 778 3780 ceperunt
799 3706 867 3762 aute
889 3705 1020 3777 penates.
1237 3706 1298 3763 32⁰
