3050 4484
297 444 336 505 ⁷2
632 454 668 505 ι).
691 455 763 501 mn.
784 454 969 503 mucosus

294 594 442 657 Bellorum
466 610 572 671 pompa
596 596 714 653 unimam
738 591 905 652 exhalasset
925 593 1059 670 opimam,

297 678 390 752 Quum
411 677 447 737 de
470 676 632 737 Teutonico
652 675 744 735 vellet
767 675 950 735 descendere
972 676 1080 738 curru?

294 760 418 823 Provida
440 760 579 839 Pompeio
602 759 724 821 dederat
746 756 901 837 Campanis
921 759 1020 821 febres

296 844 457 924 optandas,
478 844 532 903 sed
553 843 659 903 multae
685 842 774 901 urbes
799 852 828 903 et
847 842 963 921 publica
984 853 1054 905 vota

294 929 447 995 Vicerunt;
473 928 560 1004 igitur
584 926 699 986 fortune
720 927 812 1003 ipsius
836 936 866 986 et
886 926 966 985 urbis

295 1012 446 1073 Servatum
467 1013 545 1071 victo
568 1020 655 1089 caput
677 1009 804 1069 obstulit.
843 1008 907 1069 lloo
931 1011 1059 1071 cruciatu

294 1094 448 1171 Lentulus,
470 1094 526 1155 bac
548 1102 645 1173 poena
664 1094 756 1153 carnit
778 1093 944 1171 ceciditque
966 1091 1117 1171 Cethegus

295 1178 428 1255 integer,
453 1188 482 1238 et
502 1178 589 1237 iacuit
613 1175 734 1236 Catilina
759 1176 903 1236 adnuere
926 1185 1000 1236 toto.

336 1260 469 1322 Formam
493 1270 574 1339 optat
593 1260 708 1319 modico
730 1260 846 1338 pueris,
874 1262 983 1320 maiore
1007 1260 1113 1339 puellis

294 1346 455 1421 Murmure,
482 1362 567 1423 quum
591 1344 716 1403 Veneris
740 1343 836 1404 fanum
857 1343 949 1421 videt,
970 1345 1054 1405 anxia
1069 1352 1160 1403 mater
1224 1352 1278 1407 290

293 1430 394 1509 Usque
420 1429 456 1489 sd
478 1429 598 1488 delicias
621 1435 762 1486 votorum.
799 1424 858 1485 Gur
877 1436 991 1503 tamen,
1012 1427 1113 1506 iuquit,

296 1510 463 1591 Corripias‘l
485 1511 606 1591 pulchra
628 1510 737 1588 gaudet
758 1509 868 1569 Latona
890 1510 992 1571 Diana.
1009 1543 1053 1555 -

294 1597 354 1657 Sed
376 1604 456 1655 vetat
481 1596 575 1675 optari
600 1595 704 1654 faciem
724 1593 878 1669 Lucretia,
904 1595 1019 1671 qualem

294 1680 361 1758 lpse
386 1678 499 1747 babuit;
526 1684 648 1756 cuperet
673 1676 789 1736 Rutilae
813 1672 952 1754 Verginia
975 1676 1093 1755 gibbum

294 1764 444 1840 Accipere.
463 1771 550 1839 atquc
572 1779 651 1821 suam
676 1760 791 1819 Rutilae
813 1760 894 1819 dare.
927 1760 1018 1821 Filius
1040 1772 1135 1823 antem
1225 1770 1304 1826 295.

296 1844 436 1925 Corporis
459 1845 572 1921 egregii
592 1844 716 1903 miseros
738 1843 929 1922 trepidosque
954 1854 1091 1923 parentes

295 1932 418 2007 Semper
438 1928 539 1991 babet:
580 1944 646 1996 rara
669 1936 714 1986 est
734 1926 810 1985 adeo
835 1929 993 1997 concordia
1015 1928 1125 1989 fonnue

294 2013 391 2091 Atque
412 2012 578 2091 pudicitiae.
611 2011 734 2070 Sanctos
755 2009 826 2069 licet
846 2010 964 2073 horrida
984 2028 1083 2071 mores

296 2096 456 2157 Tradiderit
478 2096 578 2156 domus
601 2112 636 2155 so
658 2103 777 2154 veteres
797 2095 906 2155 imitatu
929 2095 1064 2171 Sabinos,

295 2180 450 2239 Praeterea
476 2187 585 2239 castum
606 2180 750 2255 ingenium
773 2177 942 2257 vultumque
965 2180 1098 2240 modesto
1224 2188 1279 2241 000
1401 2237 1402 2260 p

296 2264 442 2339 Sanguine
467 2261 629 2324 ferventem
653 2261 758 2321 tribuat
779 2270 880 2321 natura
905 2261 1031 2340 benigna

295 2346 386 2423 Larga
409 2362 507 2405 manu:
533 2346 617 2424 (quid
641 2347 715 2405 enim
740 2362 833 2423 puero
861 2346 998 2406 cortferre
1022 2355 1122 2425 potest
1143 2346 1224 2425 plus
1268 2365 1270 2368 ·
1401 2345 1402 2378 l

296 2428 425 2489 Custode
452 2438 481 2488 et
500 2446 569 2489 cura
590 2438 690 2491 nutura
713 2431 862 2507 potentior
884 2427 997 2509 omnif)

294 2512 360 2573 Non
381 2513 451 2573 licet
475 2530 543 2571 esse
562 2514 642 2583 viro;
663 2530 727 2572 nam
748 2512 871 2591 prodigo
895 2515 1075 2591 corruptoris

295 2596 467 2675 Improbitas
492 2597 585 2674 ipsos¹
599 2596 688 2657 audet
710 2605 853 2675 temptare
873 2594 1022 2675 parentes.
1225 2606 1278 2660 305

297 2680 386 2739 Tanta
408 2681 437 2738 in
458 2680 624 2739 muneribus
645 2679 759 2739 fiducia.
798 2678 902 2740 Nullus
927 2680 1072 2759 ephebum

296 2762 463 2822 Deformem
488 2780 578 2821 saeva
599 2763 735 2821 castravit
756 2765 786 2821 in
810 2773 1048 2839 cunemannus,

295 2845 359 2905 Nec
385 2855 596 2925 praetextatum
616 2846 711 2924 rapuit
731 2845 812 2906 Nero
836 2847 999 2927 loripedem
1020 2865 1078 2907 nec

297 2930 475 2990 strumosum
497 2938 584 3007 atque
606 2938 691 2989 utero
713 2930 823 3008 pariter
842 2930 993 3011 gibboque
1017 2940 1185 2992 tumentem.

296 3012 310 3074 1
330 3031 405 3073 nunc
428 3024 456 3073 et
476 3014 588 3073 invenis
609 3014 710 3091 specie
732 3014 844 3074 laetere
867 3017 925 3091 tui,
949 3032 1034 3093 quem
1203 3022 1280 3083 ,310
1401 3071 1402 3106 3

296 3094 405 3169 lllaiora
426 3106 599 3175 exspectant
623 3097 802 3157 discrimina:
829 3098 879 3158 liet
900 3099 1013 3158 adulter

272 3179 432 3241 'Publicus
460 3189 489 3238 et
510 3198 620 3258 poenos
641 3188 750 3240 metuet
776 3186 973 3260 quascumque
996 3182 1106 3244 maritis

296 3262 381 3323 lrctis
407 3262 511 3338 debet,
536 3281 593 3323 nec
613 3265 668 3323 erit
689 3264 807 3324 felicior
829 3274 910 3324 astro

296 3344 412 3421 Martis,
435 3355 465 3406 ut
487 3347 517 3405 in
538 3348 661 3425 laqueos
685 3364 837 3426 numquam
857 3347 975 3409 incidat.
1011 3346 1110 3425 lfxigit
1131 3356 1225 3408 antem

296 3428 441 3489 interdum
464 3430 514 3490 ille
538 3430 623 3491 dolor
643 3431 709 3509 plus
734 3449 819 3509 00000
840 3430 889 3491 lex
910 3431 970 3491 ulla
991 3431 1087 3492 dolori
1226 3440 1279 3494 315

299 3510 467 3581 Concessit;
491 3524 576 3573 necet
594 3514 641 3573 bic
662 3514 760 3589 ferro,
783 3522 867 3575 secat
888 3515 939 3575 ille
962 3517 1088 3576 cruentis

296 3593 493 3669 Verberibus,
517 3597 656 3675 quosdam
677 3596 818 3657 moechos
840 3608 871 3659 et
887 3599 1001 3677 mugilis
1022 3601 1117 3659 intrat.

299 3678 358 3739 Sed
378 3688 442 3739 tuus
465 3678 625 3755 Endymion
651 3680 776 3741 dilectae
800 3681 851 3743 fiet
871 3683 983 3745 adulter
