3050 4484
291 498 331 559 90
615 507 651 553 n.
674 506 745 553 mn.
767 502 978 556 mvnuaurs,

291 648 439 709 Balantetn
463 654 492 703 et
514 642 632 703 Laribus
655 644 771 703 cristam
792 644 963 721 promittere
983 644 1054 719 galli
1131 700 1136 708 ,

226 762 230 771 ,
291 731 357 792 Non
381 729 501 795 nudent;
525 727 593 805 quid
616 728 690 786 enim
712 744 833 804 sperare
857 727 1027 787 nocentibus
1050 729 1148 805 aegris

292 808 493 875 Concessum?
513 811 562 871 vel
587 828 660 888 quae
684 827 741 869 uon
764 810 878 887 dignior
899 810 995 870 hostia
1013 809 1093 872 vitai
1222 822 1275 877 235

291 897 408 959 Mobilis
432 905 461 955 et
482 896 561 955 varia
584 903 629 953 est
651 895 742 955 ferme
763 904 863 955 natura
884 896 1033 954 malorum.

293 982 386 1055 Quum
407 980 504 1038 scelus
526 979 689 1053 admittunt,
711 988 847 1055 superest
869 981 1044 1046 constantia;
1068 981 1136 1058 quid
1157 979 1201 1039 las
1260 1048 1263 1051 ⁴

292 1065 389 1142 Atque
413 1062 514 1137 nefas,
537 1062 653 1123 tandein
677 1063 824 1139 incipiunt·
838 1063 946 1121 sentire
967 1064 1096 1139 peractis

293 1146 474 1208 Criminibus.
508 1145 616 1205 Tamen
639 1146 674 1205 ad
696 1162 794 1205 mores
815 1155 916 1205 natura
937 1147 1061 1205 recurrit

291 1232 465 1305 Damnatos,
489 1230 545 1289 lixa
568 1239 596 1288 et
619 1230 720 1287 mutari
742 1231 851 1287 nescia.
882 1228 1039 1307 Numquis
1222 1242 1277 1296 aaa

292 1315 435 1377 Peccandi
458 1314 543 1372 linem
563 1314 661 1391 posuit
682 1308 757 1371 sibi?
781 1313 895 1390 quando
918 1315 1032 1392 recepit

292 1399 424 1459 Electum
445 1396 537 1457 semel
559 1398 653 1456 attrita
676 1397 712 1456 de
735 1396 832 1456 lroute
853 1395 1009 1457 ruborem?

225 1500 235 1516 ·
293 1483 430 1556 Quisnam
452 1481 596 1541 bominum
618 1489 679 1555 est,
704 1498 790 1557 quern
812 1489 842 1539 tu
866 1490 1030 1540 contentum
1049 1480 1157 1541 videris
1176 1500 1234 1542 uno

292 1563 438 1644 Flagitioi
469 1564 546 1623 dabit
568 1566 596 1623 in
620 1564 754 1641 laqueum
776 1565 901 1641 vestigia
922 1574 1023 1623 noster

292 1634 422 1710 Peridus
447 1656 476 1707 et
498 1649 571 1724 nigri
592 1649 717 1727 patietur
739 1649 867 1707 carceris
888 1665 991 1707 uncum
1226 1660 1279 1717 245

293 1733 351 1793 Aut
372 1734 456 1791 maris
479 1731 592 1809 Aegaei
614 1749 719 1808 rupem
742 1732 941 1809 scopulosque
964 1734 1133 1812 frequentes
1177 1783 1179 1788 ,

293 1810 434 1874 Exulibus
455 1817 576 1892 magnis.
606 1814 703 1875 Poena
724 1814 867 1889 gaudebis
890 1830 985 1876 amara

292 1898 421 1958 Nominis
444 1899 545 1975 invisi,
568 1899 740 1976 tandemque
763 1896 896 1957 fatebere
917 1896 1021 1976 laetus,

292 1981 356 2041 Nec
379 1984 493 2043 surdum
516 2000 572 2042 nec
593 1982 724 2041 Tiresian
757 1999 929 2060 quemquam
952 2003 1019 2044 esse
1043 1986 1171 2059 deorum.

683 2172 897 2181 ---——-——-—·

607 2314 844 2379 SATIRA
878 2314 971 2378 XIV.

293 2440 529 2545 Plurimasunt,
553 2470 693 2549 Fascius,
719 2483 748 2533 et
768 2475 843 2534 lama
866 2474 951 2549 digna
976 2472 1092 2534 sinistra
1190 2482 1194 2485 ’

293 2557 330 2617 Et
356 2554 451 2613 nitidis
473 2556 613 2615 maculam
638 2556 932 2633 haesuramiligentia
954 2554 1054 2630 rebus,
1081 2604 1084 2607 .

294 2640 376 2714 Quae
397 2640 557 2697 monstrant
581 2641 637 2715 ipsi
661 2643 759 2719 pueris
780 2641 954 2718 traduntque
975 2648 1122 2717 parentes.

294 2726 325 2783 si
351 2723 488 2781 damnosa
513 2740 614 2781 senem
639 2725 716 2783 iuvat
737 2725 817 2799 alea,
844 2724 915 2784 ludit
935 2732 965 2782 et
985 2723 1073 2782 lieres
1127 2773 1133 2801 ,

292 2806 422 2866 'llullatus
446 2823 596 2884 parvoque
619 2807 721 2867 eadem
742 2817 841 2869 movet
863 2824 941 2867 arma
962 2805 1073 2865 fritillo.
1261 2819 1279 2869 5

293 2889 358 2949 Nec
377 2888 479 2947 melius
501 2889 537 2948 de
559 2908 592 2948 se
615 2892 747 2969 cuiquam
769 2910 891 2970 sperare
910 2892 1076 2969 propinquo

295 2970 446 3032 Goucedet
466 2974 595 3049 iuvenis,
624 2978 671 3052 qui
692 2976 797 3049 radere
817 2976 921 3035 tubera
943 2984 1051 3050 terrae,

293 3057 427 3117 Boletum
449 3056 568 3117 condire
592 3056 747 3121 et'eodem
770 3062 832 3119 iure
858 3068 989 3119 natantes

293 3140 432 3217 Mergens
456 3140 596 3200 ficedulas
621 3142 735 3220 didicit,
756 3144 904 3205 nebulone
926 3150 1048 3221 parente
1202 3209 1219 3237 ·

232 3296 234 3311 Ι
293 3224 331 3283 Et
357 3242 428 3285 cana
449 3234 626 3285 monstrante
650 3228 733 3303 gula:
758 3246 844 3307 quum
866 3228 1005 3303 septimus
1027 3242 1116 3284 annus
1246 3236 1282 3287 lo
1316 3273 1319 3277 -

294 3306 453 3368 Transierit
472 3326 609 3385 puerum,
635 3312 759 3371 nondum
784 3312 861 3371 omui
882 3310 969 3370 deute
991 3317 1105 3384 renato,

292 3390 435 3453 Barbatos
461 3391 531 3451 licet
551 3393 707 3455 admoveas
733 3396 812 3457 mille
832 3395 898 3454 iude
922 3395 1088 3470 magistros,

256 3496 258 3501 ·
292 3474 367 3535 lliuc
387 3474 523 3551 totidem,
548 3480 647 3555 cupiet
669 3480 748 3538 lanto
775 3496 901 3557 coenare
927 3486 1028 3555 paratu

294 3561 418 3637 Semper
442 3568 473 3621 et
497 3578 514 3619 a
539 3578 719 3637 magnanon
740 3561 1050 3639 degenerareculina.

293 3641 391 3701 llitem
414 3644 536 3712 animum
560 3654 589 3703 et
610 3662 707 3704 mores
732 3647 854 3707 modicis
873 3645 1021 3707 erroribus
1047 3660 1159 3721 aequos
1248 3652 1283 3704 15

246 3781 251 3793 ,
293 3725 438 3803 Praecipit
464 3735 552 3804 etque
574 3730 681 3789 animas
704 3748 855 3792 servorum
878 3740 908 3791 et
934 3746 1060 3807 corpora
1083 3736 1184 3787 uostra
