3050 4484
285 440 287 445 ’
322 450 363 513 to
668 460 1000 512 monumnenta

247 628 251 637 ¹
280 622 289 645 κ
321 601 455 680 Hospes,
480 611 509 661 et
531 602 595 679 ipse
616 608 709 659 tamen
732 601 903 677 contingens
923 604 1062 678 sanguine
1084 604 1215 667 eoelum:

322 684 406 745 Alter
429 685 526 763 aquis,
551 684 625 743 alter
648 682 766 744 flammis
789 684 825 743 ad
847 686 944 745 sidera
964 686 1077 745 missus.

322 766 445 829 Fercula
468 785 543 827 nuno
569 766 633 826 audi
656 766 741 827 nullis
766 776 866 828 ornata
886 767 1029 829 macellis.
1077 804 1103 836 ¹.

322 851 367 911 l)e
391 850 539 912 Tiburtino
561 851 666 910 ueniet·
681 852 884 928 pinguissimus
908 868 979 927 agro

321 934 467 993 Haedulus
489 943 519 993 et
541 943 602 993 toto
627 952 719 1013 grege
742 935 874 1008 mollior,
898 935 1006 995 inscius
1027 935 1148 1013 herbae,

321 1017 450 1077 Necdum
470 1034 556 1077 ausus
578 1018 675 1094 virgas
697 1018 821 1079 humilis.
833 1018 968 1078 mordere
988 1018 1094 1094 salicti,
1204 1060 1214 1077 .

322 1100 378 1173 Qut
399 1102 463 1179 plus
488 1100 570 1161 lactis
595 1100 684 1160 babet
705 1118 791 1179 quam
814 1102 975 1177 sanguinis,
994 1111 1032 1161 -et
1050 1105 1175 1181 morvani

320 1185 481 1261 Asparagi,
506 1186 601 1261 posito
626 1201 699 1261 quos
726 1185 799 1261 legit
831 1186 917 1245 vilica
942 1185 1023 1253 luso;

322 1267 445 1327 Grandia
471 1276 624 1345 praeterea
648 1276 785 1347 tortoque
808 1269 932 1328 calentia
954 1268 1043 1329 foeno

321 1349 382 1410 Ova
406 1351 508 1411 adsunt
532 1350 602 1428 ipsis
626 1367 688 1423 cum
712 1352 865 1426 matribus,
892 1362 922 1411 et
943 1361 1077 1413 seruatae

320 1433 405 1493 Parte
433 1436 513 1508 anni,
538 1434 639 1513 quales
663 1434 777 1494 fueraut
795 1437 829 1507 ‚in
852 1435 976 1509 vitibus,
997 1454 1082 1510 uvae,

320 1518 466 1593 Signinum
492 1518 663 1595 Syriumque
684 1520 793 1596 pirum,
815 1520 853 1579 de
876 1518 1014 1578 corbibus
1035 1520 1127 1579 isdem

320 1600 442 1659 Aemula
468 1600 580 1660 Picenis
607 1610 636 1659 et
659 1603 757 1662 odoris
780 1602 855 1662 mala
877 1603 1015 1677 recentis,

319 1682 382 1742 Nec
402 1684 554 1743 metuenda
574 1684 641 1758 tibi,
667 1686 805 1744 siccatum
826 1686 936 1763 frigore
960 1694 1112 1764 postquem

319 1766 490 1826 Autumnum
516 1776 545 1825 et
567 1767 647 1825 crudi
670 1784 797 1844 posuere
821 1770 953 1846 pericula
975 1770 1066 1829 succi.
1144 1797 1146 1802 ·
1186 1811 1189 1816 ψ

318 1848 400 1909 llaec
425 1850 492 1909 olim
513 1850 604 1909 nostri
626 1852 681 1909 iam
703 1851 851 1912 luxuriosa
873 1862 990 1912 senatus

321 1930 419 1991 Coena
445 1933 510 1996 luit:
534 1930 653 2009 Curius,
679 1952 770 2012 parvo
794 1954 869 2014 quae
890 1935 1005 2012 legerat
1029 1935 1125 2010 horto,

319 2014 387 2093 lpse
413 2016 487 2075 locis
509 2016 645 2075 brevibus
669 2018 799 2095 ponebat
818 2018 966 2094 oluscula,
992 2037 1066 2097 quae
1085 2037 1160 2086 nune

319 2100 472 2176 Squalidus
496 2101 525 2158 in
551 2106 651 2177 inagna
673 2102 781 2161 fastidit
802 2102 943 2180 oompede
966 2102 1075 2176 fossor,

320 2182 375 2255 Qui
400 2185 543 2259 meminit,
568 2185 679 2245 calidae
700 2186 794 2262 sapiat
816 2186 884 2264 quid
904 2186 989 2249 vulva
1009 2186 1146 2262 popinae.

319 2266 397 2323 Sicci
424 2276 507 2343 terga
532 2270 608 2343 suis,
632 2286 697 2328 rara
718 2270 875 2346 pendentia
899 2278 990 2342 crate,

200 2366 206 2379 ¹
318 2346 407 2407 lloris
434 2359 497 2409 erat
521 2350 663 2427 quondam
690 2352 775 2411 iestis
796 2370 916 2412 servare
937 2352 1041 2411 diebus

318 2430 355 2490 Et
381 2434 545 2493 natalicium
568 2438 697 2511 cognatis
719 2454 832 2515 ponere
855 2436 974 2510 lardum,

319 2515 490 2576 Accedente
515 2534 606 2592 nova,
629 2520 653 2577 si
671 2538 759 2597 Jquam
782 2520 869 2580 dabat
892 2519 1002 2594 hostia,
1029 2536 1125 2577 carne.

319 2596 514 2675 cognatorum
540 2600 644 2678 aliquis
666 2603 749 2661 titulo
773 2612 819 2663 ter
843 2602 972 2662 consulis
993 2612 1080 2681 atque
1130 2631 1132 2636 .
1201 2646 1205 2651 .

274 2718 278 2724 ,
319 2679 485 2743 Castrorum
511 2685 640 2760 imperiis
663 2694 692 2744 et
713 2687 862 2745 dictatoris
886 2686 998 2745 honore
1154 2756 1168 2771 ι

318 2762 444 2824 Functus
468 2766 504 2825 ad
526 2766 578 2826 bas
604 2766 707 2845 epulas
726 2768 812 2827 solito
835 2772 970 2829 maturius
992 2768 1062 2843 ibat,

318 2846 455 2907 Erectum
473 2849 580 2909 domito
604 2850 737 2910 referens
759 2870 776 2911 a
796 2862 894 2912 monte
911 2853 1049 2929 ligonem.

319 2930 411 3003 Quum
432 2942 589 2993 tremerent
608 2943 703 2995 autem
724 2934 831 2995 Fabios
853 2938 1010 3015 durumque
1033 2933 1173 2995 Catonem
1264 2943 1303 2997 90

318 3012 355 3073 Et
376 3015 503 3076 Scauros
526 3027 557 3076 et
575 3016 742 3094 Fabricios,
763 3030 911 3097 postremo
933 3036 1056 3081 severos

241 3132 247 3144 ·
319 3095 458 3157 Censoris
477 3116 573 3160 mores
596 3102 682 3161 etiam
700 3104 815 3180 collega
837 3107 962 3179 timeret,

318 3179 411 3241 Nemo
430 3180 505 3242 iuter
526 3202 609 3243 curas
632 3194 661 3244 et
682 3190 759 3247 seria
781 3188 862 3247 duxlt
878 3188 1051 3261 babendum,
1166 3260 1169 3266 Ι

320 3263 420 3337 Qualis
442 3266 468 3323 in
491 3266 610 3327 Oceano
629 3268 716 3329 lluotu
735 3272 851 3331 testudo
864 3279 993 3344 nataret,

321 3344 436 3408 Glanum
462 3349 634 3428 Troiugenis
652 3352 762 3415 factura
790 3362 820 3411 et
842 3354 941 3413 nobile
966 3353 1106 3424 fulcrum
1264 3359 1301 3414 96

320 3430 379 3491 Sed
400 3433 476 3493 nudo
498 3434 591 3494 latero
612 3446 642 3495 et
663 3439 760 3513 parvis
773 3436 864 3505 §rous
883 3455 970 3497 aerea
992 3437 1079 3496 lectis

318 3512 386 3573 Vile
408 3520 536 3577 coronati
559 3528 645 3597 caput
664 3518 837 3580 ostendebat
857 3521 951 3592 aselli,

319 3597 366 3657 Ad
391 3600 467 3677 quod
489 3600 589 3660 lascivi
612 3601 748 3661 ludebant
772 3605 846 3663 ruris
868 3606 981 3664 alumni.

321 3678 408 3741 'lales
433 3700 505 3760 ergo
532 3684 604 3759 cibi,
628 3685 720 3763 qualis
743 3684 844 3745 domus
866 3697 952 3767 atque
973 3688 1117 3765 supellex.
