3050 4484
556 439 557 444 ’
601 439 604 443 ’
650 465 775 516 ssnrna
798 467 846 516 ru.
925 468 932 475 ’

248 607 371 670 Privati!
397 607 505 666 maiora
530 605 625 682 iocis:
645 606 769 683 genialis
795 615 898 684 agaim
940 610 942 613 ’
1044 652 1046 659 ,

249 691 308 754 Iste
329 691 407 762 dies;
429 706 555 770 propera
579 691 759 750 stomachum
781 690 882 751 laxare
902 693 1031 768 saginae,
1125 734 1128 742 «

250 774 287 844 Et
310 783 357 834 tua
379 782 524 836 seruatum
549 791 687 834 consume
707 777 736 834 in
759 775 859 834 secuta
881 774 1047 847 rhombunm
1126 822 1128 827 .

250 857 317 936 lpse
340 859 404 936 capi
425 857 578 918 voluit.-'-
592 855 667 930 Quid
679 856 829 935 apertius?
848 867 986 918 ettamen
1008 859 1050 919 iiii

249 941 413 1018 Surgebant
434 943 556 1009 cristae:
580 941 650 1005 nihil
671 941 816 1019 estquod
839 943 963 1024 credere
985 943 1079 1004 dese
1193 948 1196 955 “

248 1024 313 1084 Non
332 1025 443 1104 possit,
469 1043 555 1102 quam
576 1025 718 1098 laudatur,
740 1027 892 1104 disceque
914 1035 1055 1104 potestas.

232 1110 307 1172 xSed
333 1109 434 1170 deerat
455 1111 529 1188 pisci
551 1110 667 1187 patinae
689 1126 832 1170 mensura.
876 1109 1026 1170 Vocantur

126 1219 129 1223 ·
248 1193 329 1269 Ergo
350 1195 379 1252 in
401 1192 552 1252 consilium
575 1209 733 1270 proceres,
757 1209 832 1271 quos
853 1194 956 1255 oderat
979 1193 1046 1263 iiie;

248 1277 280 1337 ln
305 1293 426 1353 quorum
448 1277 526 1336 facie
544 1278 669 1336 miserae
688 1288 870 1356 magnaeque
892 1277 1014 1338 sedebat

249 1360 347 1440 Pallor
370 1361 522 1420 amicitiae.
567 1359 694 1436 Primus,
717 1361 862 1420 clamante
884 1360 1025 1424 Liburno:
1149 1389 1152 1392 ⁴

251 1443 382 1518 Currite,
405 1445 460 1503 iarn
482 1443 571 1509 sedit!
596 1453 679 1521 rapta
701 1439 887 1522 properabat„
901 1445 1000 1506 abolla

249 1527 399 1604 Pegasus,
423 1527 562 1588 attonitae
585 1529 698 1606 positus
720 1527 807 1590 ruodo
841 1528 947 1603 uilicus
970 1528 1091 1589 urbi-

249 1611 334 1682 Anne
357 1609 434 1670 aliud
457 1620 525 1672 tune
547 1607 709 1688 praefecti?
736 1627 858 1692 quorum
881 1614 1004 1690 optimus
1027 1621 1114 1690 atque
1188 1610 1190 1613 ’

249 1695 399 1773 Interpres
422 1695 520 1772 legum
543 1695 741 1756 sanctissimus
766 1696 860 1755 omnia
884 1713 1054 1774 quamquam

250 1777 442 1856 Temporibus
466 1779 535 1838 diris
558 1778 707 1838 traciensis
730 1778 851 1856 putabat
871 1779 973 1838 inermi

249 1860 371 1922 lustitia.
415 1861 503 1922 Venit
526 1870 555 1920 et
579 1859 676 1940 Grispi
698 1861 821 1923 iucunda
844 1873 991 1938 senectus,
1081 1888 1084 1893 <

250 1944 340 2005 Cuius
366 1955 448 2006 erant
469 1943 584 2020 mores,
608 1945 702 2023 qualis
724 1945 875 2021 facundia,
898 1948 967 2006 mite
1015 1993 1021 2000 ,

250 2029 412 2106 Ingenium
435 2031 523 2090 maria
548 2045 583 2088 ac
606 2037 701 2090 terras
725 2030 913 2107 populosque
935 2032 1050 2106 regenti

160 2175 161 2178 ,
192 2153 194 2156 <
251 2112 322 2186 Quis
350 2129 449 2172 comes
471 2113 585 2187 utilior,
607 2113 634 2172 si
654 2111 737 2172 clade
760 2122 791 2172 et
813 2121 900 2191 peste
926 2113 979 2172 sub
998 2112 1048 2171 iiia

251 2197 408 2256 Saevitiam
430 2197 624 2257 damnasset
644 2196 798 2256 honestum
819 2196 925 2256 afferre
948 2197 1051 2255 liceret

117 2337 127 2362 Ι,
252 2277 432 2340 Consilium?
456 2280 510 2340 sed
528 2279 601 2357 ¹quid
621 2280 778 2338 violentius
801 2292 873 2339 aure
894 2280 1017 2354 tyranni,
1105 2298 1108 2305 ·

140 2385 143 2390 ¹
195 2365 200 2373 ¹
253 2361 324 2422 Cum
347 2380 404 2441 quo
427 2361 464 2422 de
485 2362 591 2440 pluviis
613 2372 661 2422 aut
683 2363 812 2422 aestibus
833 2371 882 2422 aut
905 2362 1046 2422 nimboso.

251 2447 331 2506 Vere
355 2446 479 2506 locuturi
500 2445 589 2507 iatum
611 2445 756 2524 pendebat
776 2442 881 2509 amicit

251 2530 306 2590 lile
327 2531 415 2615 igitur
438 2547 590 2608 numquam
615 2530 720 2611 direxit
740 2529 860 2597 brachia
883 2539 984 2609 contra

253 2614 438 2690 Torrentem,
465 2631 520 2674 neo
543 2614 613 2674 civis
637 2623 716 2688 erat,
741 2615 790 2692 qui
814 2613 907 2673 libera
926 2622 1033 2692 posset

252 2698 350 2758 Verba
373 2699 457 2758 animi
480 2697 617 2776 proferre
637 2707 668 2775 et
689 2699 776 2757 vitam
799 2697 967 2776 impendere
989 2713 1072 2757 vero.

230 2797 233 2800 ·
253 2784 303 2843 Sic
324 2778 427 2844 multas
450 2782 561 2844 hiemes
584 2790 671 2858 atque
695 2784 878 2858 octogesima
899 2781 970 2842 uidit

254 2866 401 2941 solstitia,
424 2865 468 2926 bis
491 2866 578 2924 armis
599 2864 650 2924 illa
672 2882 790 2943 quoque
815 2874 893 2924 tutus
915 2866 944 2922 in
965 2865 1039 2924 aula.

253 2950 402 3010 Proximus
425 2949 554 3008 eiusdem
577 2948 755 3026 properabat
777 2947 890 3008 Acilius
913 2949 978 3007 aeri

117 3093 120 3102 ,
225 3031 325 3092 *Cum
345 3035 449 3094 iuvene
472 3032 608 3109 indigno,
631 3049 716 3108 quem
735 3040 896 3107 *mors-tam
917 3048 1006 3091 saeva
1027 3040 1157 3094 maneret
1209 3038 1248 3092 95

253 3117 291 3176 Et
314 3117 418 3178 domini
441 3116 546 3194 gladiis
568 3123 626 3176 tam
649 3115 800 3183 festinata;
823 3115 876 3174 sed
899 3115 968 3174 oiim

254 3201 390 3278 Prodigio
411 3220 464 3280 par
488 3210 534 3264 est
555 3201 583 3258 in
605 3199 756 3260 nobilitate
780 3207 932 3260 senectus:

217 3275 220 3294 ¹
253 3284 336 3344 Unde
359 3285 404 3358 dt,
429 3293 459 3343 ut
481 3284 576 3344 malim
598 3283 773 3345 fraterculus
797 3301 865 3342 esse
888 3280 1032 3364 Gigantis!

255 3368 365 3428 Profuit
388 3385 459 3444 ergo
483 3369 552 3428 nibil
575 3370 698 3443 misero,
723 3367 801 3445 quod
826 3369 956 3426 cominus
977 3381 1062 3426 ursos

255 3451 377 3528 Figebat
399 3451 536 3518 Numidae
559 3452 672 3512 Albana
695 3451 787 3527 nudus
809 3468 897 3511 arena
1056 3504 1059 3508 .
1197 3459 1249 3510 100

254 3535 400 3604 Venator3
426 3537 490 3614 quis
513 3537 588 3595 enim
611 3538 666 3596 iam
689 3552 746 3594 non
765 3535 920 3612 intellegat
933 3543 1012 3593 artes

256 3617 416 3682 Patriciae?
441 3621 504 3697 quis
527 3622 654 3698 priscum
677 3619 747 3680 iliud
768 3620 889 3679 miratur
910 3635 1040 3692 acumen,

256 3702 363 3780 Brute,
388 3699 487 3762 tuum?
511 3703 598 3764 iacile
621 3713 665 3764 est
686 3703 808 3763 barbato
830 3703 981 3780 imponere
1002 3703 1075 3779 regi.
