3050 4484
625 500 749 553 sarran
770 503 841 553 xrv.
1181 496 1222 557 97
1239 572 1252 589 .,

243 644 423 721 Flagrautem
447 644 504 702 late
527 652 556 703 et
578 646 738 723 rapientem
762 653 864 703 cuncta
885 644 1029 718 videbis‚-
1169 657 1222 711 245

243 728 304 788 Nec
326 728 375 787 tibi
399 736 534 805 parcetur
557 729 680 801 misero,
707 727 909 804 trepidumque
929 730 1095 803 magistrum

242 812 273 871 11ι
295 829 383 870 cavea
407 826 510 886 magno
534 810 647 869 fremitu
672 810 719 869 leo
743 809 828 869 tollet
851 811 991 869 alumnus.
1040 850 1042 856 ·

243 894 316 954 Nota
337 894 546 954 mathematicis
569 896 688 969 genesis
709 902 772 959 tua;
796 893 849 953 sed
870 912 960 970 graue
983 894 1080 954 tardas

242 978 422 1055 Exspectare
447 976 545 1035 colus:
569 978 701 1036 morieris
723 977 990 1038 stamine-nondum
1214 1044 1216 1047 Α

243 1062 384 1137 Abrupto.
419 1058 476 1119 lam
502 1078 576 1119 nunc
601 1060 700 1119 obstas
729 1068 758 1117 et
782 1070 852 1119 rota
875 1062 1006 1134 moraris,
1170 1074 1225 1126 aso

242 1144 301 1204 lam
326 1152 443 1220 torquet
465 1144 597 1202 iuvenem
621 1144 707 1221 longa
730 1152 759 1201 et
782 1146 899 1203 cervina
922 1153 1068 1204 senectus.
1145 1171 1149 1175 ·

242 1228 330 1287 Ocius
354 1226 540 1301 Archigenen
561 1242 670 1303 quaere
693 1237 779 1319 atque
804 1246 868 1287 eme
891 1228 967 1305 quod
989 1226 1168 1289 Mithridates

244 1310 427 1394 Composuit
452 1312 478 1367 si
499 1311 543 1368 vis
566 1310 649 1369 aliam
671 1304 833 1407 decerpere
856 1311 973 1369 licum

243 1396 339 1472 Atque
362 1382 433 1451 alias
455 1401 581 1452 tractare
602 1410 697 1452 rosas.
730 1392 909 1453 Medicamen
931 1393 1090 1455 habendum
1112 1404 1168 1470 est,

243 1476 370 1538 Sorbere
392 1485 457 1535 aute
482 1476 575 1535 cibum
598 1476 675 1555 quod
698 1476 803 1535 debeat
824 1487 854 1535 et
875 1486 959 1555 pater
981 1487 1010 1536 et
1030 1497 1094 1537 rex.
1170 1489 1221 1542 155

285 1560 415 1619 lllonstro
437 1559 616 1639 uoluptatem
639 1562 803 1636 egregiam,
828 1564 873 1619 cui
896 1561 974 1620 nulla
1001 1560 1123 1638 theatra,

242 1642 328 1703 Nulla
351 1660 478 1721 aequare
502 1659 592 1721 queas
614 1645 758 1721 praetoris
782 1644 898 1722 pulpita
914 1644 993 1718 lauti,

243 1728 274 1787 Si
298 1733 433 1805 spectes,
461 1736 567 1804 quanto
591 1728 694 1805 capitis
716 1728 883 1787 discrimine
905 1736 1038 1787 constent

242 1810 421 1870 Incrementa
449 1810 566 1885 domus,
591 1820 687 1869 aerata
707 1810 816 1871 ‘multus
837 1814 865 1869 iu
889 1828 956 1870 arca

241 1894 343 1953 Fiscus
366 1903 395 1953 et
419 1893 453 1952 ad
474 1894 592 1969 vigilem
615 1894 740 1971 ponendi
763 1892 886 1954 Castora
907 1896 1020 1967 nummi,
1169 1904 1223 1959 260

243 1978 287 2037 Ex
309 1994 366 2056 quo
391 1976 468 2037 biars
489 1978 566 2037 ultor
588 1978 702 2053 galeam
725 1994 842 2055 quoque
865 1978 990 2053 perdidit
1010 1986 1040 2036 et
1061 1994 1109 2037 res

242 2060 307 2119 Nou
330 2062 422 2137 potuit
445 2076 564 2119 servare
584 2078 660 2119 suas.
693 2059 773 2136 Ergo
797 2061 891 2119 omnia
913 2058 1018 2120 Florae

242 2143 279 2203 Et
302 2141 419 2201 Cereris
443 2142 512 2201 licet
533 2150 562 2201 et
583 2140 711 2217 Cybeles
734 2143 836 2202 aulaea
858 2141 1021 2221 relinquas3

243 2226 334 2285 'lauto
356 2226 480 2285 maiores
503 2225 623 2285 bumana
644 2229 763 2303 negotia
785 2226 854 2287 ludi.

242 2310 288 2369 An
310 2311 403 2396 magiq
425 2308 573 2369 oblectant
594 2312 714 2369 animiam
736 2312 842 2370 iactata
864 2320 985 2389 petauro
1170 2318 1221 2396 ²⁶5.

243 2393 375 2471 Corpora
398 2394 503 2471 quique
526 2392 603 2452 solet
624 2402 735 2453 rectum
758 2394 940 2453 descendere
961 2394 1067 2469 iucem,

242 2476 333 2549 Quam
359 2484 405 2549 tu,
429 2472 553 2550 Corycia
580 2494 696 2555 semper
717 2480 766 2556 qui
788 2496 886 2555 puppe
912 2479 1033 2537 moraris

241 2561 339 2637 Atque
361 2558 488 2633 habitas,
512 2575 583 2619 coro
607 2576 723 2639 semper
744 2560 890 2621 tollendus
914 2570 1072 2636 elaustro,
1104 2595 1109 2600 -

164 2633 169 2653 '
244 2643 388 2721 [Perditus
411 2660 446 2702 ac
466 2642 532 2703 vilis
555 2646 634 2703 sacci
657 2645 954 2722 mercator-olentis}
990 2704 993 2707 ,

243 2726 299 2799 Qui
321 2726 431 2803 gaudes
455 2728 561 2804 pingue
584 2730 717 2805 antiquae
744 2729 780 2787 de
804 2729 890 2788 litore
913 2726 1019 2787 Cretae
1144 2736 1222 2791 ‘ato

242 2810 360 2869 Passum
383 2819 412 2869 et
433 2812 591 2887 municipes
614 2811 690 2871 lovis
715 2813 869 2873 advexisse
892 2809 1034 2888 lagonas?
1074 2818 1079 2828 '

242 2892 296 2953 Hic
319 2900 413 2952 tamen
436 2895 552 2971 ancipiti
579 2895 671 2970 ligans
694 2898 819 2972 vestigia
840 2896 937 2973 planta

241 2976 355 3035 Victum
372 2977 422 3037 illo
443 2977 579 3035 mercede
601 2988 684 3055 parat
703 2978 888 3055 brumamque
909 2978 1071 3056 famemque
1107 2979 1108 2988 ’

242 3059 296 3119 illa
319 3068 397 3119 reste
420 3070 517 3119 caret:
541 3070 570 3119 tu
593 3070 714 3139 propter
736 3062 815 3121 mille
835 3062 942 3121 talenta

242 3141 280 3201 Et
302 3152 414 3202 centum
435 3144 520 3203 villas
544 3146 724 3203 temerarius.
758 3145 869 3223 Aspice
890 3154 991 3222 portus
1043 3183 1047 3189 -
1171 3152 1222 3207 115

243 3225 280 3283 Et
302 3226 419 3304 plenum
441 3230 550 3303 magnis
574 3227 703 3287 trabibus
725 3246 821 3288 mare:
848 3228 913 3307 ples
936 3228 1078 3288 bominum
1100 3237 1145 3286 est
1167 3229 1222 3287 iarn

242 3309 275 3367 ln
296 3310 418 3387 pelago;
441 3314 539 3370 veniet
561 3312 681 3386 classis,
705 3330 889 3392 quocumque
909 3314 1029 3371 vocarit,

244 3394 319 3469 Spes
345 3393 436 3468 lucri,
460 3412 516 3451 uec
539 3392 722 3472 Carpathium
744 3395 925 3473 Gaetulaque
947 3404 1054 3455 tautum

244 3477 383 3553 Aequora
406 3476 565 3552 transiliet,
589 3478 641 3537 sed
665 3478 752 3557 longe
780 3477 871 3556 Calpe
893 3478 998 3537 relicta

243 3559 351 3618 Audiet
371 3558 517 3619 Herculeo
545 3562 713 3621 stridentem
734 3564 850 3639 gurgite
874 3561 1002 3621 solean·
1170 3569 1223 3625 181)

244 3642 358 3702 Grande
381 3660 490 3721 operae
517 3646 639 3721 pretium
662 3654 724 3721 est,
747 3655 779 3705 ιι1
802 3655 886 3705 tenso
909 3643 981 3703 lolle
1004 3624 1112 3703 reverti

242 3724 314 3785 lnde
337 3725 449 3787 domum
470 3728 568 3806 possis
591 3690 756 3807 tumidaqbe
778 3727 922 3807 superbus
944 3727 1041 3787 aluta

285 3829 340 3867 rou.
356 3831 415 3869 snr,
1034 3812 1052 3869 7
