<?xml version="1.0" encoding="UTF-8"?>
<!DOCTYPE html PUBLIC "-//W3C//DTD XHTML 1.0 Transitional//EN"
    "http://www.w3.org/TR/xhtml1/DTD/xhtml1-transitional.dtd">
<html xmlns="http://www.w3.org/1999/xhtml" xml:lang="en" lang="en">
 <head>
  <title>
</title>
<meta http-equiv="Content-Type" content="text/html;charset=utf-8" />
  <meta name='ocr-system' content='tesseract 3.04.00' />
  <meta name='ocr-capabilities' content='ocr_page ocr_carea ocr_par ocr_line ocrx_word'/>
</head>
<body>
  <div class='ocr_page' id='page_1' title='image "./satirarumlibriq00hermgoog_0023.png"; bbox 0 0 3050 4484; ppageno 0'>
   <div class='ocr_carea' id='block_1_1' title="bbox 650 463 1242 514">
    <p class='ocr_par' dir='ltr' id='par_1_1' title="bbox 650 463 1242 514">
     <span class='ocr_line' id='line_1_1' title="bbox 650 463 1242 514; baseline 0.008 -5"><span class='ocrx_word' id='word_1_1' title='bbox 650 463 857 512; x_wconf 78' lang='lat' dir='ltr'><strong>PRAEFATIO.</strong></span> <span class='ocrx_word' id='word_1_2' title='bbox 1179 467 1242 514; x_wconf 78' lang='lat' dir='ltr'><strong>xlx</strong></span> 
     </span>
    </p>
   </div>
   <div class='ocr_carea' id='block_1_2' title="bbox 244 604 1244 2269">
    <p class='ocr_par' dir='ltr' id='par_1_2' title="bbox 244 604 1244 2269">
     <span class='ocr_line' id='line_1_2' title="bbox 265 604 1243 680; baseline 0.006 -20"><span class='ocrx_word' id='word_1_3' title='bbox 265 610 328 660; x_wconf 87' lang='lat' dir='ltr'><strong>auct.</strong></span> <span class='ocrx_word' id='word_1_4' title='bbox 340 619 371 658; x_wconf 85' lang='lat' dir='ltr'><strong>ex</strong></span> <span class='ocrx_word' id='word_1_5' title='bbox 380 604 434 660; x_wconf 87' lang='lat' dir='ltr'><strong>nod.</strong></span> <span class='ocrx_word' id='word_1_6' title='bbox 446 605 521 662; x_wconf 88' lang='lat' dir='ltr'><strong>Vatic.</strong></span> <span class='ocrx_word' id='word_1_7' title='bbox 533 607 560 663; x_wconf 83' lang='lat' dir='ltr'><strong>T.</strong></span> <span class='ocrx_word' id='word_1_8' title='bbox 572 605 619 671; x_wconf 85' lang='grc' dir='ltr'>ΙΙΙ,</span> <span class='ocrx_word' id='word_1_9' title='bbox 629 622 653 676; x_wconf 93' lang='lat' dir='ltr'><strong>p.</strong></span> <span class='ocrx_word' id='word_1_10' title='bbox 667 621 733 662; x_wconf 87' lang='lat' dir='ltr'><strong>xvnr</strong></span> <span class='ocrx_word' id='word_1_11' title='bbox 751 608 913 679; x_wconf 84' lang='lat' dir='ltr'><strong>insignissima</strong></span> <span class='ocrx_word' id='word_1_12' title='bbox 923 610 1033 680; x_wconf 78' lang='lat' dir='ltr'><strong>exempla</strong></span> <span class='ocrx_word' id='word_1_13' title='bbox 1049 609 1160 675; x_wconf 78' lang='lat' dir='ltr'><strong>exhibet,</strong></span> <span class='ocrx_word' id='word_1_14' title='bbox 1172 611 1243 673; x_wconf 71' lang='lat' dir='ltr'><strong>v(eirea</strong></span> 
     </span>
     <span class='ocr_line' id='line_1_3' title="bbox 264 687 1243 765; baseline 0.006 -23"><span class='ocrx_word' id='word_1_15' title='bbox 264 702 314 742; x_wconf 91' lang='lat' dir='ltr'><strong>sec.</strong></span> <span class='ocrx_word' id='word_1_16' title='bbox 330 687 360 742; x_wconf 86' lang='lat' dir='ltr'><strong>Vl</strong></span> <span class='ocrx_word' id='word_1_17' title='bbox 370 691 407 744; x_wconf 85' lang='lat' dir='ltr'><strong>vel</strong></span> <span class='ocrx_word' id='word_1_18' title='bbox 417 689 458 744; x_wconf 92' lang='lat' dir='ltr'><strong>Vll</strong></span> <span class='ocrx_word' id='word_1_19' title='bbox 475 690 564 760; x_wconf 83' lang='lat' dir='ltr'>duplex</span> <span class='ocrx_word' id='word_1_20' title='bbox 587 692 711 746; x_wconf 78' lang='lat' dir='ltr'><strong>satirarum</strong></span> <span class='ocrx_word' id='word_1_21' title='bbox 728 693 837 746; x_wconf 76' lang='lat' dir='ltr'><strong>recensio</strong></span> <span class='ocrx_word' id='word_1_22' title='bbox 853 693 983 759; x_wconf 72' lang='lat' dir='ltr'><strong>exstiterit,</strong></span> <span class='ocrx_word' id='word_1_23' title='bbox 1005 709 1105 765; x_wconf 86' lang='lat' dir='ltr'><strong>quarum</strong></span> <span class='ocrx_word' id='word_1_24' title='bbox 1119 695 1243 751; x_wconf 88' lang='lat' dir='ltr'><strong>alterama</strong></span> 
     </span>
     <span class='ocr_line' id='line_1_4' title="bbox 265 770 1243 845; baseline 0.007 -20"><span class='ocrx_word' id='word_1_25' title='bbox 265 771 391 826; x_wconf 87' lang='lat' dir='ltr'><strong>christiano</strong></span> <span class='ocrx_word' id='word_1_26' title='bbox 407 771 504 828; x_wconf 87' lang='lat' dir='ltr'><strong>homine</strong></span> <span class='ocrx_word' id='word_1_27' title='bbox 522 781 593 845; x_wconf 90' lang='lat' dir='ltr'><strong>atque</strong></span> <span class='ocrx_word' id='word_1_28' title='bbox 608 775 771 830; x_wconf 83' lang='lat' dir='ltr'><strong>ecclesiastico</strong></span> <span class='ocrx_word' id='word_1_29' title='bbox 784 776 873 832; x_wconf 83' lang='lat' dir='ltr'><strong>tactam</strong></span> <span class='ocrx_word' id='word_1_30' title='bbox 888 792 941 831; x_wconf 75' lang='lat' dir='ltr'><strong>asse</strong></span> <span class='ocrx_word' id='word_1_31' title='bbox 952 770 1077 834; x_wconf 65' lang='lat' dir='ltr'><strong>camisile</strong></span> <span class='ocrx_word' id='word_1_32' title='bbox 1089 776 1139 832; x_wconf 88' lang='lat' dir='ltr'><strong>Sat.</strong></span> <span class='ocrx_word' id='word_1_33' title='bbox 1152 777 1212 830; x_wconf 85' lang='lat' dir='ltr'><strong>XlV.</strong></span> <span class='ocrx_word' id='word_1_34' title='bbox 1225 782 1243 832; x_wconf 70' lang='lat' dir='ltr'><strong>a</strong></span> 
     </span>
     <span class='ocr_line' id='line_1_5' title="bbox 264 858 1244 932; baseline 0 -20"><span class='ocrx_word' id='word_1_35' title='bbox 264 863 406 926; x_wconf 80' lang='lat' dir='ltr'><strong>argumento</strong></span> <span class='ocrx_word' id='word_1_36' title='bbox 418 865 524 926; x_wconf 83' lang='lat' dir='ltr'><strong>constat,</strong></span> <span class='ocrx_word' id='word_1_37' title='bbox 538 858 579 913; x_wconf 89' lang='lat' dir='ltr'><strong>ubi</strong></span> <span class='ocrx_word' id='word_1_38' title='bbox 590 874 633 930; x_wconf 90' lang='lat' dir='ltr'><strong>pro</strong></span> <span class='ocrx_word' id='word_1_39' title='bbox 644 860 759 914; x_wconf 69' lang='lat' dir='ltr'><strong>nondun</strong></span> <span class='ocrx_word' id='word_1_40' title='bbox 768 859 893 916; x_wconf 64' lang='lat' dir='ltr'><strong>mon</strong></span> <span class='ocrx_word' id='word_1_41' title='bbox 906 861 932 915; x_wconf 92' lang='lat' dir='ltr'><strong>in</strong></span> <span class='ocrx_word' id='word_1_42' title='bbox 947 861 1065 932; x_wconf 87' lang='lat' dir='ltr'><strong>plerisque</strong></span> <span class='ocrx_word' id='word_1_43' title='bbox 1076 861 1143 915; x_wconf 85' lang='lat' dir='ltr'><strong>libris</strong></span> <span class='ocrx_word' id='word_1_44' title='bbox 1153 860 1244 929; x_wconf 86' lang='lat' dir='ltr'><strong>legitur</strong></span> 
     </span>
     <span class='ocr_line' id='line_1_6' title="bbox 244 939 1243 1015; baseline 0.003 -22"><span class='ocrx_word' id='word_1_45' title='bbox 244 943 249 958; x_wconf 74' lang='lat'><strong><em>¹</em></strong></span> <span class='ocrx_word' id='word_1_46' title='bbox 263 939 377 994; x_wconf 74' lang='lat' dir='ltr'><strong>eunden</strong></span> <span class='ocrx_word' id='word_1_47' title='bbox 387 948 410 994; x_wconf 84' lang='lat' dir='ltr'><strong>et</strong></span> <span class='ocrx_word' id='word_1_48' title='bbox 426 957 524 1012; x_wconf 76' lang='lat' dir='ltr'><strong>repom,</strong></span> <span class='ocrx_word' id='word_1_49' title='bbox 543 943 670 1008; x_wconf 87' lang='lat' dir='ltr'><strong>nimirum,</strong></span> <span class='ocrx_word' id='word_1_50' title='bbox 689 943 752 1015; x_wconf 88' lang='lat' dir='ltr'><strong>quod</strong></span> <span class='ocrx_word' id='word_1_51' title='bbox 764 951 820 1014; x_wconf 90' lang='lat' dir='ltr'><strong>post</strong></span> <span class='ocrx_word' id='word_1_52' title='bbox 830 944 883 1000; x_wconf 85' lang='lat' dir='ltr'><strong>Nic.</strong></span> <span class='ocrx_word' id='word_1_53' title='bbox 894 943 1027 1014; x_wconf 80' lang='lat' dir='ltr'><strong>Rignltiurn</strong></span> <span class='ocrx_word' id='word_1_54' title='bbox 1038 944 1109 998; x_wconf 88' lang='lat' dir='ltr'><strong>docte</strong></span> <span class='ocrx_word' id='word_1_55' title='bbox 1120 942 1243 997; x_wconf 74' lang='lat' dir='ltr'><strong>annotavit</strong></span> 
     </span>
     <span class='ocr_line' id='line_1_7' title="bbox 263 1021 1243 1097; baseline 0.001 -20"><span class='ocrx_word' id='word_1_56' title='bbox 263 1021 292 1076; x_wconf 83' lang='lat' dir='ltr'><strong>E.</strong></span> <span class='ocrx_word' id='word_1_57' title='bbox 308 1021 336 1078; x_wconf 85' lang='lat' dir='ltr'><strong>G.</strong></span> <span class='ocrx_word' id='word_1_58' title='bbox 350 1025 469 1080; x_wconf 90' lang='lat' dir='ltr'><strong>Webems</strong></span> <span class='ocrx_word' id='word_1_59' title='bbox 479 1026 603 1082; x_wconf 80' lang='lat' dir='ltr'><strong>Animadr.</strong></span> <span class='ocrx_word' id='word_1_60' title='bbox 619 1027 648 1081; x_wconf 89' lang='lat' dir='ltr'><strong>ad</strong></span> <span class='ocrx_word' id='word_1_61' title='bbox 660 1027 740 1082; x_wconf 88' lang='lat' dir='ltr'><strong>iuven.</strong></span> <span class='ocrx_word' id='word_1_62' title='bbox 753 1026 825 1084; x_wconf 81' lang='lat' dir='ltr'><strong>Satin.</strong></span> <span class='ocrx_word' id='word_1_63' title='bbox 836 1028 886 1082; x_wconf 88' lang='lat' dir='ltr'><strong>len.</strong></span> <span class='ocrx_word' id='word_1_64' title='bbox 899 1032 976 1085; x_wconf 76' lang='lat' dir='ltr'><strong>leae.</strong></span> <span class='ocrx_word' id='word_1_65' title='bbox 993 1029 1024 1097; x_wconf 37' lang='grc'><strong>8,,</strong></span> <span class='ocrx_word' id='word_1_66' title='bbox 1041 1043 1066 1095; x_wconf 88' lang='lat' dir='ltr'><strong>p.</strong></span> <span class='ocrx_word' id='word_1_67' title='bbox 1079 1031 1112 1084; x_wconf 78' lang='lat'><strong>37</strong></span> <span class='ocrx_word' id='word_1_68' title='bbox 1122 1069 1130 1092; x_wconf 86' lang='lat'>‚</span> <span class='ocrx_word' id='word_1_69' title='bbox 1142 1029 1243 1078; x_wconf 67' lang='lat' dir='ltr'><strong>nudior</strong></span> 
     </span>
     <span class='ocr_line' id='line_1_8' title="bbox 262 1099 1241 1180; baseline 0.006 -22"><span class='ocrx_word' id='word_1_70' title='bbox 262 1103 310 1158; x_wconf 77' lang='lat' dir='ltr'><strong>ael</strong></span> <span class='ocrx_word' id='word_1_71' title='bbox 321 1099 427 1176; x_wconf 75' lang='lat' dir='ltr'><strong>dorida,</strong></span> <span class='ocrx_word' id='word_1_72' title='bbox 438 1123 499 1180; x_wconf 84' lang='lat' dir='ltr'><strong>quae</strong></span> <span class='ocrx_word' id='word_1_73' title='bbox 509 1107 535 1164; x_wconf 91' lang='lat' dir='ltr'><strong>S.</strong></span> <span class='ocrx_word' id='word_1_74' title='bbox 546 1109 613 1166; x_wconf 86' lang='lat' dir='ltr'><strong>Pauli</strong></span> <span class='ocrx_word' id='word_1_75' title='bbox 623 1111 693 1164; x_wconf 88' lang='lat' dir='ltr'><strong>verba</strong></span> <span class='ocrx_word' id='word_1_76' title='bbox 705 1111 735 1166; x_wconf 93' lang='lat' dir='ltr'><strong>ad</strong></span> <span class='ocrx_word' id='word_1_77' title='bbox 745 1109 833 1180; x_wconf 82' lang='lat' dir='ltr'><strong>pres</strong></span> <span class='ocrx_word' id='word_1_78' title='bbox 844 1110 871 1166; x_wconf 90' lang='lat' dir='ltr'><strong>ll.</strong></span> <span class='ocrx_word' id='word_1_79' title='bbox 883 1114 917 1168; x_wconf 76' lang='lat'><strong>27</strong></span> <span class='ocrx_word' id='word_1_80' title='bbox 929 1125 960 1164; x_wconf 86' lang='lat' dir='ltr'><strong>ex</strong></span> <span class='ocrx_word' id='word_1_81' title='bbox 969 1111 1041 1164; x_wconf 92' lang='lat' dir='ltr'><strong>latina</strong></span> <span class='ocrx_word' id='word_1_82' title='bbox 1050 1109 1157 1164; x_wconf 87' lang='lat' dir='ltr'><strong>eiusdem</strong></span> <span class='ocrx_word' id='word_1_83' title='bbox 1168 1111 1241 1164; x_wconf 86' lang='lat' dir='ltr'><strong>iuter·</strong></span> 
     </span>
     <span class='ocr_line' id='line_1_9' title="bbox 262 1191 1241 1260; baseline 0.004 -16"><span class='ocrx_word' id='word_1_84' title='bbox 262 1191 396 1260; x_wconf 85' lang='lat' dir='ltr'><strong>pretatione</strong></span> <span class='ocrx_word' id='word_1_85' title='bbox 406 1193 544 1247; x_wconf 77' lang='lat' dir='ltr'><strong>memoriter</strong></span> <span class='ocrx_word' id='word_1_86' title='bbox 551 1193 581 1247; x_wconf 88' lang='lat' dir='ltr'><strong>ad</strong></span> <span class='ocrx_word' id='word_1_87' title='bbox 589 1192 723 1248; x_wconf 85' lang='lat' dir='ltr'><strong>Iuvenalem</strong></span> <span class='ocrx_word' id='word_1_88' title='bbox 733 1193 807 1250; x_wconf 88' lang='lat' dir='ltr'><strong>bomo</strong></span> <span class='ocrx_word' id='word_1_89' title='bbox 818 1195 965 1250; x_wconf 83' lang='lat' dir='ltr'><strong>semidoctus</strong></span> <span class='ocrx_word' id='word_1_90' title='bbox 975 1193 1110 1254; x_wconf 69' lang='lat' dir='ltr'><strong>tnmmdn</strong></span> <span class='ocrx_word' id='word_1_91' title='bbox 1121 1193 1241 1248; x_wconf 89' lang='lat' dir='ltr'><strong>eiusdem·</strong></span> 
     </span>
     <span class='ocr_line' id='line_1_10' title="bbox 262 1276 1242 1348; baseline 0.003 -21"><span class='ocrx_word' id='word_1_92' title='bbox 262 1287 309 1344; x_wconf 90' lang='lat' dir='ltr'><strong>que</strong></span> <span class='ocrx_word' id='word_1_93' title='bbox 319 1289 416 1328; x_wconf 86' lang='lat' dir='ltr'><strong>manum</strong></span> <span class='ocrx_word' id='word_1_94' title='bbox 432 1290 475 1344; x_wconf 90' lang='lat' dir='ltr'><strong>per</strong></span> <span class='ocrx_word' id='word_1_95' title='bbox 485 1291 569 1330; x_wconf 83' lang='lat' dir='ltr'><strong>omnes</strong></span> <span class='ocrx_word' id='word_1_96' title='bbox 584 1276 655 1330; x_wconf 90' lang='lat' dir='ltr'><strong>buius</strong></span> <span class='ocrx_word' id='word_1_97' title='bbox 669 1278 743 1332; x_wconf 88' lang='lat' dir='ltr'><strong>libros</strong></span> <span class='ocrx_word' id='word_1_98' title='bbox 759 1279 785 1332; x_wconf 92' lang='lat' dir='ltr'><strong>in</strong></span> <span class='ocrx_word' id='word_1_99' title='bbox 795 1278 857 1348; x_wconf 88' lang='lat' dir='ltr'><strong>disp.</strong></span> <span class='ocrx_word' id='word_1_100' title='bbox 870 1278 901 1333; x_wconf 89' lang='lat' dir='ltr'><strong>de</strong></span> <span class='ocrx_word' id='word_1_101' title='bbox 914 1277 1038 1333; x_wconf 78' lang='lat' dir='ltr'><strong>codicibus</strong></span> <span class='ocrx_word' id='word_1_102' title='bbox 1048 1276 1166 1331; x_wconf 86' lang='lat' dir='ltr'><strong>luvenalis</strong></span> <span class='ocrx_word' id='word_1_103' title='bbox 1175 1282 1242 1330; x_wconf 87' lang='lat' dir='ltr'><strong>recte</strong></span> 
     </span>
     <span class='ocr_line' id='line_1_11' title="bbox 262 1357 1241 1432; baseline 0.004 -22"><span class='ocrx_word' id='word_1_104' title='bbox 262 1357 425 1412; x_wconf 84' lang='lat' dir='ltr'><strong>existinraudis</strong></span> <span class='ocrx_word' id='word_1_105' title='bbox 435 1358 501 1414; x_wconf 87' lang='lat' dir='ltr'><strong>Lect.</strong></span> <span class='ocrx_word' id='word_1_106' title='bbox 513 1358 579 1416; x_wconf 86' lang='lat' dir='ltr'><strong>Gott.</strong></span> <span class='ocrx_word' id='word_1_107' title='bbox 591 1367 648 1415; x_wconf 88' lang='lat' dir='ltr'><strong>nest.</strong></span> <span class='ocrx_word' id='word_1_108' title='bbox 661 1364 727 1418; x_wconf 80' lang='grc'><strong>1847</strong></span> <span class='ocrx_word' id='word_1_109' title='bbox 740 1363 869 1432; x_wconf 87' lang='lat' dir='ltr'><strong>praemissa</strong></span> <span class='ocrx_word' id='word_1_110' title='bbox 885 1368 924 1415; x_wconf 94' lang='lat' dir='ltr'><strong>tot</strong></span> <span class='ocrx_word' id='word_1_111' title='bbox 933 1362 1043 1416; x_wconf 90' lang='lat' dir='ltr'><strong>locorum</strong></span> <span class='ocrx_word' id='word_1_112' title='bbox 1059 1361 1152 1415; x_wconf 90' lang='lat' dir='ltr'><strong>indiciis</strong></span> <span class='ocrx_word' id='word_1_113' title='bbox 1172 1375 1241 1414; x_wconf 89' lang='lat' dir='ltr'><strong>coar·</strong></span> 
     </span>
     <span class='ocr_line' id='line_1_12' title="bbox 261 1439 1241 1516; baseline 0.003 -22"><span class='ocrx_word' id='word_1_114' title='bbox 261 1441 344 1511; x_wconf 83' lang='lat' dir='ltr'><strong>gulose</strong></span> <span class='ocrx_word' id='word_1_115' title='bbox 354 1439 412 1496; x_wconf 84' lang='lat' dir='ltr'><strong>mili</strong></span> <span class='ocrx_word' id='word_1_116' title='bbox 423 1441 517 1508; x_wconf 84' lang='lat' dir='ltr'><strong>videor,</strong></span> <span class='ocrx_word' id='word_1_117' title='bbox 530 1450 558 1498; x_wconf 91' lang='lat' dir='ltr'><strong>ut</strong></span> <span class='ocrx_word' id='word_1_118' title='bbox 568 1443 682 1514; x_wconf 86' lang='lat' dir='ltr'><strong>plurimas</strong></span> <span class='ocrx_word' id='word_1_119' title='bbox 692 1444 914 1516; x_wconf 84' lang='lat' dir='ltr'><strong>insignissimasque</strong></span> <span class='ocrx_word' id='word_1_120' title='bbox 925 1446 1064 1511; x_wconf 78' lang='lat' dir='ltr'><strong>varietates,</strong></span> <span class='ocrx_word' id='word_1_121' title='bbox 1076 1444 1164 1514; x_wconf 89' lang='lat' dir='ltr'><strong>quibus</strong></span> <span class='ocrx_word' id='word_1_122' title='bbox 1174 1443 1241 1498; x_wconf 89' lang='lat' dir='ltr'><strong>codi-</strong></span> 
     </span>
     <span class='ocr_line' id='line_1_13' title="bbox 261 1525 1241 1597; baseline 0.004 -19"><span class='ocrx_word' id='word_1_123' title='bbox 261 1539 302 1578; x_wconf 78' lang='lat' dir='ltr'><strong>ces</strong></span> <span class='ocrx_word' id='word_1_124' title='bbox 313 1525 388 1580; x_wconf 92' lang='lat' dir='ltr'><strong>nostri</strong></span> <span class='ocrx_word' id='word_1_125' title='bbox 400 1526 461 1581; x_wconf 89' lang='lat' dir='ltr'><strong>inter</strong></span> <span class='ocrx_word' id='word_1_126' title='bbox 471 1539 498 1582; x_wconf 90' lang='lat' dir='ltr'><strong>se</strong></span> <span class='ocrx_word' id='word_1_127' title='bbox 508 1527 655 1596; x_wconf 85' lang='lat' dir='ltr'><strong>discrepant,</strong></span> <span class='ocrx_word' id='word_1_128' title='bbox 668 1543 717 1585; x_wconf 89' lang='lat' dir='ltr'><strong>nou</strong></span> <span class='ocrx_word' id='word_1_129' title='bbox 727 1529 756 1584; x_wconf 90' lang='lat' dir='ltr'><strong>ad</strong></span> <span class='ocrx_word' id='word_1_130' title='bbox 768 1529 879 1584; x_wconf 74' lang='lat' dir='ltr'><strong>fortuitas</strong></span> <span class='ocrx_word' id='word_1_131' title='bbox 889 1529 1017 1584; x_wconf 85' lang='lat' dir='ltr'><strong>rerbomm</strong></span> <span class='ocrx_word' id='word_1_132' title='bbox 1028 1528 1185 1597; x_wconf 78' lang='lat' dir='ltr'><strong>corruptelas,</strong></span> <span class='ocrx_word' id='word_1_133' title='bbox 1197 1526 1241 1582; x_wconf 83' lang='lat' dir='ltr'><strong>sed</strong></span> 
     </span>
     <span class='ocr_line' id='line_1_14' title="bbox 261 1608 1240 1682; baseline 0 -18"><span class='ocrx_word' id='word_1_134' title='bbox 261 1608 291 1664; x_wconf 89' lang='lat' dir='ltr'><strong>ad</strong></span> <span class='ocrx_word' id='word_1_135' title='bbox 309 1608 464 1664; x_wconf 89' lang='lat' dir='ltr'><strong>deliberatam</strong></span> <span class='ocrx_word' id='word_1_136' title='bbox 486 1618 572 1680; x_wconf 87' lang='lat' dir='ltr'><strong>poetae</strong></span> <span class='ocrx_word' id='word_1_137' title='bbox 589 1612 797 1682; x_wconf 78' lang='lat' dir='ltr'><strong>interpolationem</strong></span> <span class='ocrx_word' id='word_1_138' title='bbox 809 1614 899 1668; x_wconf 76' lang='lat' dir='ltr'><strong>referre</strong></span> <span class='ocrx_word' id='word_1_139' title='bbox 914 1614 993 1668; x_wconf 89' lang='lat' dir='ltr'><strong>liceat.</strong></span> <span class='ocrx_word' id='word_1_140' title='bbox 1023 1616 1058 1668; x_wconf 81' lang='lat' dir='ltr'><strong>do</strong></span> <span class='ocrx_word' id='word_1_141' title='bbox 1069 1611 1117 1669; x_wconf 93' lang='lat' dir='ltr'><strong>duo</strong></span> <span class='ocrx_word' id='word_1_142' title='bbox 1128 1612 1240 1666; x_wconf 88' lang='lat' dir='ltr'><strong>codicum</strong></span> 
     </span>
     <span class='ocr_line' id='line_1_15' title="bbox 261 1695 1240 1767; baseline -0.001 -20"><span class='ocrx_word' id='word_1_143' title='bbox 261 1707 358 1765; x_wconf 83' lang='lat' dir='ltr'><strong>genera,</strong></span> <span class='ocrx_word' id='word_1_144' title='bbox 370 1709 472 1764; x_wconf 91' lang='lat' dir='ltr'><strong>quorum</strong></span> <span class='ocrx_word' id='word_1_145' title='bbox 482 1695 584 1751; x_wconf 86' lang='lat' dir='ltr'><strong>alterum</strong></span> <span class='ocrx_word' id='word_1_146' title='bbox 594 1696 717 1767; x_wconf 84' lang='lat' dir='ltr'><strong>integmm</strong></span> <span class='ocrx_word' id='word_1_147' title='bbox 727 1697 778 1750; x_wconf 87' lang='lat' dir='ltr'><strong>lere</strong></span> <span class='ocrx_word' id='word_1_148' title='bbox 787 1697 840 1752; x_wconf 91' lang='lat' dir='ltr'><strong>solo</strong></span> <span class='ocrx_word' id='word_1_149' title='bbox 851 1696 982 1752; x_wconf 81' lang='lat' dir='ltr'><strong>Pitboeeuo</strong></span> <span class='ocrx_word' id='word_1_150' title='bbox 994 1703 1119 1757; x_wconf 79' lang='lat' dir='ltr'><strong>dematur.</strong></span> <span class='ocrx_word' id='word_1_151' title='bbox 1138 1696 1240 1750; x_wconf 86' lang='lat' dir='ltr'><strong>alterum</strong></span> 
     </span>
     <span class='ocr_line' id='line_1_16' title="bbox 260 1777 1239 1850; baseline 0 -19"><span class='ocrx_word' id='word_1_152' title='bbox 260 1784 400 1847; x_wconf 89' lang='lat' dir='ltr'><strong>corruptum</strong></span> <span class='ocrx_word' id='word_1_153' title='bbox 410 1778 514 1849; x_wconf 90' lang='lat' dir='ltr'><strong>reliquos</strong></span> <span class='ocrx_word' id='word_1_154' title='bbox 524 1795 599 1849; x_wconf 88' lang='lat' dir='ltr'><strong>paene</strong></span> <span class='ocrx_word' id='word_1_155' title='bbox 618 1795 702 1834; x_wconf 83' lang='lat' dir='ltr'><strong>omnes</strong></span> <span class='ocrx_word' id='word_1_156' title='bbox 717 1781 915 1850; x_wconf 87' lang='lat' dir='ltr'><strong>comprehendat,</strong></span> <span class='ocrx_word' id='word_1_157' title='bbox 933 1782 982 1835; x_wconf 90' lang='lat' dir='ltr'><strong>iam</strong></span> <span class='ocrx_word' id='word_1_158' title='bbox 992 1778 1022 1836; x_wconf 89' lang='grc' dir='ltr'><strong>Ο.</strong></span> <span class='ocrx_word' id='word_1_159' title='bbox 1035 1779 1133 1834; x_wconf 80' lang='lat' dir='ltr'><strong>Iahnius</strong></span> <span class='ocrx_word' id='word_1_160' title='bbox 1142 1779 1171 1832; x_wconf 88' lang='lat' dir='ltr'><strong>ad</strong></span> <span class='ocrx_word' id='word_1_161' title='bbox 1182 1777 1239 1832; x_wconf 84' lang='lat' dir='ltr'><strong>Pcr-</strong></span> 
     </span>
     <span class='ocr_line' id='line_1_17' title="bbox 259 1855 1239 1935; baseline -0.002 -20"><span class='ocrx_word' id='word_1_162' title='bbox 259 1855 321 1915; x_wconf 86' lang='lat' dir='ltr'><strong>sium</strong></span> <span class='ocrx_word' id='word_1_163' title='bbox 331 1877 357 1930; x_wconf 89' lang='lat' dir='ltr'><strong>p.</strong></span> <span class='ocrx_word' id='word_1_164' title='bbox 370 1877 452 1918; x_wconf 83' lang='lat' dir='ltr'><strong>cxxvr</strong></span> <span class='ocrx_word' id='word_1_165' title='bbox 464 1862 586 1918; x_wconf 88' lang='lat' dir='ltr'><strong>luculento</strong></span> <span class='ocrx_word' id='word_1_166' title='bbox 597 1861 647 1918; x_wconf 86' lang='lat' dir='ltr'><strong>Sat.</strong></span> <span class='ocrx_word' id='word_1_167' title='bbox 663 1863 704 1919; x_wconf 94' lang='grc' dir='ltr'>ΙΙΙ.</span> <span class='ocrx_word' id='word_1_168' title='bbox 712 1868 746 1922; x_wconf 85' lang='grc'><strong>37</strong></span> <span class='ocrx_word' id='word_1_169' title='bbox 758 1865 869 1935; x_wconf 83' lang='lat' dir='ltr'><strong>exemplo</strong></span> <span class='ocrx_word' id='word_1_170' title='bbox 879 1865 1000 1925; x_wconf 84' lang='lat' dir='ltr'><strong>distinxit;</strong></span> <span class='ocrx_word' id='word_1_171' title='bbox 1013 1864 1077 1927; x_wconf 87' lang='lat' dir='ltr'><strong>idem</strong></span> <span class='ocrx_word' id='word_1_172' title='bbox 1087 1877 1143 1917; x_wconf 84' lang='lat' dir='ltr'><strong>uero</strong></span> <span class='ocrx_word' id='word_1_173' title='bbox 1155 1860 1239 1915; x_wconf 89' lang='lat' dir='ltr'><strong>discri-</strong></span> 
     </span>
     <span class='ocr_line' id='line_1_18' title="bbox 259 1944 1239 2018; baseline -0.002 -20"><span class='ocrx_word' id='word_1_174' title='bbox 259 1959 314 1999; x_wconf 85' lang='lat' dir='ltr'><strong>men</strong></span> <span class='ocrx_word' id='word_1_175' title='bbox 330 1960 373 2014; x_wconf 91' lang='lat' dir='ltr'><strong>per</strong></span> <span class='ocrx_word' id='word_1_176' title='bbox 383 1946 497 2014; x_wconf 87' lang='lat' dir='ltr'><strong>plurimas</strong></span> <span class='ocrx_word' id='word_1_177' title='bbox 507 1948 657 2018; x_wconf 86' lang='lat' dir='ltr'><strong>singularum</strong></span> <span class='ocrx_word' id='word_1_178' title='bbox 674 1949 802 2003; x_wconf 82' lang='lat' dir='ltr'><strong>satiramm</strong></span> <span class='ocrx_word' id='word_1_179' title='bbox 816 1949 933 2004; x_wconf 79' lang='lat' dir='ltr'><strong>lectiones</strong></span> <span class='ocrx_word' id='word_1_180' title='bbox 948 1948 1119 2018; x_wconf 81' lang='lat' dir='ltr'><strong>investigatum</strong></span> <span class='ocrx_word' id='word_1_181' title='bbox 1128 1959 1203 2014; x_wconf 90' lang='lat' dir='ltr'><strong>quum</strong></span> <span class='ocrx_word' id='word_1_182' title='bbox 1213 1944 1239 1998; x_wconf 93' lang='lat' dir='ltr'><strong>in</strong></span> 
     </span>
     <span class='ocr_line' id='line_1_19' title="bbox 258 2027 1239 2102; baseline -0.002 -20"><span class='ocrx_word' id='word_1_183' title='bbox 258 2028 298 2082; x_wconf 91' lang='lat' dir='ltr'><strong>illa</strong></span> <span class='ocrx_word' id='word_1_184' title='bbox 306 2027 468 2098; x_wconf 70' lang='lat' dir='ltr'><strong>deputatione</strong></span> <span class='ocrx_word' id='word_1_185' title='bbox 477 2030 507 2086; x_wconf 89' lang='lat' dir='ltr'><strong>ad</strong></span> <span class='ocrx_word' id='word_1_186' title='bbox 518 2045 571 2084; x_wconf 89' lang='lat' dir='ltr'><strong>eam</strong></span> <span class='ocrx_word' id='word_1_187' title='bbox 576 2047 648 2102; x_wconf 89' lang='lat' dir='ltr'><strong>quarn</strong></span> <span class='ocrx_word' id='word_1_188' title='bbox 658 2031 707 2086; x_wconf 83' lang='lat' dir='ltr'><strong>dixi</strong></span> <span class='ocrx_word' id='word_1_189' title='bbox 718 2033 927 2102; x_wconf 84' lang='lat' dir='ltr'><strong>interpolationem</strong></span> <span class='ocrx_word' id='word_1_190' title='bbox 938 2032 1054 2094; x_wconf 80' lang='lat' dir='ltr'><strong>revocari,</strong></span> <span class='ocrx_word' id='word_1_191' title='bbox 1066 2036 1120 2083; x_wconf 88' lang='lat' dir='ltr'><strong>tum</strong></span> <span class='ocrx_word' id='word_1_192' title='bbox 1129 2029 1154 2082; x_wconf 91' lang='lat' dir='ltr'><strong>in</strong></span> <span class='ocrx_word' id='word_1_193' title='bbox 1164 2027 1239 2082; x_wconf 87' lang='lat' dir='ltr'><strong>altera</strong></span> 
     </span>
     <span class='ocr_line' id='line_1_20' title="bbox 258 2110 1238 2186; baseline 0.003 -21"><span class='ocrx_word' id='word_1_194' title='bbox 258 2112 288 2166; x_wconf 91' lang='lat' dir='ltr'><strong>de</strong></span> <span class='ocrx_word' id='word_1_195' title='bbox 298 2110 451 2168; x_wconf 88' lang='lat' dir='ltr'><strong>Scholiorum</strong></span> <span class='ocrx_word' id='word_1_196' title='bbox 461 2114 491 2169; x_wconf 87' lang='lat' dir='ltr'><strong>ad</strong></span> <span class='ocrx_word' id='word_1_197' title='bbox 501 2114 635 2170; x_wconf 82' lang='lat' dir='ltr'><strong>luvenalem</strong></span> <span class='ocrx_word' id='word_1_198' title='bbox 647 2129 737 2186; x_wconf 85' lang='lat' dir='ltr'><strong>genere</strong></span> <span class='ocrx_word' id='word_1_199' title='bbox 748 2117 866 2170; x_wconf 85' lang='lat' dir='ltr'><strong>deteriore</strong></span> <span class='ocrx_word' id='word_1_200' title='bbox 878 2115 1009 2170; x_wconf 81' lang='lat' dir='ltr'><strong>indicendis</strong></span> <span class='ocrx_word' id='word_1_201' title='bbox 1020 2114 1087 2168; x_wconf 86' lang='lat' dir='ltr'><strong>Lect.</strong></span> <span class='ocrx_word' id='word_1_202' title='bbox 1098 2119 1157 2166; x_wconf 81' lang='lat' dir='ltr'><strong>aest</strong></span> <span class='ocrx_word' id='word_1_203' title='bbox 1169 2114 1238 2168; x_wconf 79' lang='lat' dir='ltr'><strong>rete</strong></span> 
     </span>
     <span class='ocr_line' id='line_1_21' title="bbox 258 2195 1239 2269; baseline -0.001 -20"><span class='ocrx_word' id='word_1_204' title='bbox 258 2196 347 2265; x_wconf 90' lang='lat' dir='ltr'><strong>scripta</strong></span> <span class='ocrx_word' id='word_1_205' title='bbox 363 2212 392 2252; x_wconf 92' lang='lat' dir='ltr'><strong>eo</strong></span> <span class='ocrx_word' id='word_1_206' title='bbox 407 2212 482 2268; x_wconf 90' lang='lat' dir='ltr'><strong>usque</strong></span> <span class='ocrx_word' id='word_1_207' title='bbox 493 2207 633 2267; x_wconf 82' lang='lat' dir='ltr'><strong>persecutus</strong></span> <span class='ocrx_word' id='word_1_208' title='bbox 644 2215 710 2264; x_wconf 86' lang='lat' dir='ltr'><strong>sum,</strong></span> <span class='ocrx_word' id='word_1_209' title='bbox 728 2206 756 2253; x_wconf 90' lang='lat' dir='ltr'><strong>ut</strong></span> <span class='ocrx_word' id='word_1_210' title='bbox 767 2201 923 2269; x_wconf 87' lang='lat' dir='ltr'><strong>interpretum</strong></span> <span class='ocrx_word' id='word_1_211' title='bbox 939 2212 1034 2268; x_wconf 91' lang='lat' dir='ltr'><strong>quoque</strong></span> <span class='ocrx_word' id='word_1_212' title='bbox 1050 2196 1123 2251; x_wconf 88' lang='lat' dir='ltr'><strong>medii</strong></span> <span class='ocrx_word' id='word_1_213' title='bbox 1140 2195 1191 2249; x_wconf 85' lang='lat' dir='ltr'><strong>aevi</strong></span> <span class='ocrx_word' id='word_1_214' title='bbox 1202 2195 1239 2248; x_wconf 89' lang='lat' dir='ltr'><strong>in·</strong></span> 
     </span>
    </p>
   </div>
   <div class='ocr_carea' id='block_1_3' title="bbox 259 2277 1239 2434">
    <p class='ocr_par' dir='ltr' id='par_1_3' title="bbox 259 2277 1239 2434">
     <span class='ocr_line' id='line_1_22' title="bbox 259 2277 1237 2351; baseline -0.001 -19"><span class='ocrx_word' id='word_1_215' title='bbox 259 2279 347 2348; x_wconf 77' lang='lat' dir='ltr'><strong>entius,</strong></span> <span class='ocrx_word' id='word_1_216' title='bbox 363 2295 465 2350; x_wconf 87' lang='lat' dir='ltr'><strong>quarum</strong></span> <span class='ocrx_word' id='word_1_217' title='bbox 481 2288 506 2334; x_wconf 89' lang='lat' dir='ltr'><strong>et</strong></span> <span class='ocrx_word' id='word_1_218' title='bbox 516 2281 611 2336; x_wconf 82' lang='lat' dir='ltr'><strong>lalunius</strong></span> <span class='ocrx_word' id='word_1_219' title='bbox 622 2282 678 2338; x_wconf 88' lang='lat' dir='ltr'><strong>ibid.</strong></span> <span class='ocrx_word' id='word_1_220' title='bbox 699 2298 724 2351; x_wconf 89' lang='lat' dir='ltr'><strong>p.</strong></span> <span class='ocrx_word' id='word_1_221' title='bbox 737 2298 801 2337; x_wconf 87' lang='lat' dir='ltr'><strong>cxvr</strong></span> <span class='ocrx_word' id='word_1_222' title='bbox 817 2289 843 2336; x_wconf 92' lang='lat' dir='ltr'><strong>et</strong></span> <span class='ocrx_word' id='word_1_223' title='bbox 852 2282 1003 2351; x_wconf 86' lang='lat' dir='ltr'><strong>Schopenins</strong></span> <span class='ocrx_word' id='word_1_224' title='bbox 1018 2282 1044 2334; x_wconf 93' lang='lat' dir='ltr'><strong>in</strong></span> <span class='ocrx_word' id='word_1_225' title='bbox 1053 2279 1139 2350; x_wconf 81' lang='lat' dir='ltr'><strong>Progr.</strong></span> <span class='ocrx_word' id='word_1_226' title='bbox 1152 2277 1237 2348; x_wconf 81' lang='lat' dir='ltr'><strong>Gynrn.</strong></span> 
     </span>
     <span class='ocr_line' id='line_1_23' title="bbox 259 2361 1239 2434; baseline -0.001 -18"><span class='ocrx_word' id='word_1_227' title='bbox 259 2361 391 2416; x_wconf 80' lang='lat' dir='ltr'><strong>bonnensis</strong></span> <span class='ocrx_word' id='word_1_228' title='bbox 404 2365 469 2421; x_wconf 77' lang='lat'>1847</span> <span class='ocrx_word' id='word_1_229' title='bbox 481 2365 612 2433; x_wconf 85' lang='lat' dir='ltr'><strong>specimina</strong></span> <span class='ocrx_word' id='word_1_230' title='bbox 622 2381 636 2419; x_wconf 92' lang='lat' dir='ltr'><strong>e</strong></span> <span class='ocrx_word' id='word_1_231' title='bbox 646 2365 846 2420; x_wconf 78' lang='lat' dir='ltr'><strong>bibliothecarum</strong></span> <span class='ocrx_word' id='word_1_232' title='bbox 856 2365 953 2420; x_wconf 87' lang='lat' dir='ltr'><strong>latebris</strong></span> <span class='ocrx_word' id='word_1_233' title='bbox 964 2364 1141 2434; x_wconf 80' lang='lat' dir='ltr'><strong>produxerunt.</strong></span> <span class='ocrx_word' id='word_1_234' title='bbox 1153 2362 1183 2415; x_wconf 85' lang='lat' dir='ltr'><strong>ad</strong></span> <span class='ocrx_word' id='word_1_235' title='bbox 1197 2361 1239 2416; x_wconf 89' lang='lat' dir='ltr'><strong>dc-</strong></span> 
     </span>
    </p>
   </div>
   <div class='ocr_carea' id='block_1_4' title="bbox 255 2445 1240 3929">
    <p class='ocr_par' dir='ltr' id='par_1_4' title="bbox 255 2445 1240 3929">
     <span class='ocr_line' id='line_1_24' title="bbox 259 2445 1239 2518; baseline 0 -20"><span class='ocrx_word' id='word_1_236' title='bbox 259 2445 371 2499; x_wconf 83' lang='lat' dir='ltr'><strong>terionem</strong></span> <span class='ocrx_word' id='word_1_237' title='bbox 388 2446 454 2500; x_wconf 90' lang='lat' dir='ltr'><strong>illarn</strong></span> <span class='ocrx_word' id='word_1_238' title='bbox 472 2449 637 2502; x_wconf 89' lang='lat' dir='ltr'><strong>recensionem</strong></span> <span class='ocrx_word' id='word_1_239' title='bbox 656 2455 767 2518; x_wconf 85' lang='lat' dir='ltr'><strong>spectare</strong></span> <span class='ocrx_word' id='word_1_240' title='bbox 787 2450 989 2509; x_wconf 66' lang='lat' dir='ltr'><strong>demonstremur</strong></span> <span class='ocrx_word' id='word_1_241' title='bbox 1008 2446 1123 2504; x_wconf 88' lang='lat' dir='ltr'><strong>omnibus</strong></span> <span class='ocrx_word' id='word_1_242' title='bbox 1136 2445 1239 2515; x_wconf 90' lang='lat' dir='ltr'><strong>denique</strong></span> 
     </span>
     <span class='ocr_line' id='line_1_25' title="bbox 258 2528 1239 2602; baseline 0 -20"><span class='ocrx_word' id='word_1_243' title='bbox 258 2528 390 2583; x_wconf 90' lang='lat' dir='ltr'><strong>rationibus</strong></span> <span class='ocrx_word' id='word_1_244' title='bbox 405 2529 530 2584; x_wconf 84' lang='lat' dir='ltr'><strong>subductis</strong></span> <span class='ocrx_word' id='word_1_245' title='bbox 546 2532 612 2586; x_wconf 85' lang='lat' dir='ltr'><strong>velut</strong></span> <span class='ocrx_word' id='word_1_246' title='bbox 625 2531 745 2602; x_wconf 90' lang='lat' dir='ltr'><strong>duplicem</strong></span> <span class='ocrx_word' id='word_1_247' title='bbox 761 2532 898 2588; x_wconf 84' lang='lat' dir='ltr'><strong>Iuvenalem</strong></span> <span class='ocrx_word' id='word_1_248' title='bbox 908 2539 1014 2589; x_wconf 86' lang='lat' dir='ltr'><strong>statuere</strong></span> <span class='ocrx_word' id='word_1_249' title='bbox 1024 2530 1119 2592; x_wconf 85' lang='lat' dir='ltr'><strong>licebit,</strong></span> <span class='ocrx_word' id='word_1_250' title='bbox 1137 2529 1239 2583; x_wconf 85' lang='lat' dir='ltr'><strong>alterum</strong></span> 
     </span>
     <span class='ocr_line' id='line_1_26' title="bbox 258 2612 1240 2686; baseline 0 -18"><span class='ocrx_word' id='word_1_251' title='bbox 258 2613 403 2686; x_wconf 77' lang='lat' dir='ltr'><strong>genuinum,</strong></span> <span class='ocrx_word' id='word_1_252' title='bbox 421 2613 464 2668; x_wconf 89' lang='lat' dir='ltr'><strong>sed</strong></span> <span class='ocrx_word' id='word_1_253' title='bbox 480 2615 548 2670; x_wconf 90' lang='lat' dir='ltr'><strong>cuius</strong></span> <span class='ocrx_word' id='word_1_254' title='bbox 565 2615 642 2670; x_wconf 89' lang='lat' dir='ltr'><strong>sorma</strong></span> <span class='ocrx_word' id='word_1_255' title='bbox 658 2624 682 2670; x_wconf 87' lang='lat' dir='ltr'><strong>et</strong></span> <span class='ocrx_word' id='word_1_256' title='bbox 699 2617 828 2672; x_wconf 86' lang='lat' dir='ltr'><strong>auctoritas</strong></span> <span class='ocrx_word' id='word_1_257' title='bbox 845 2632 934 2671; x_wconf 83' lang='lat' dir='ltr'><strong>exuno</strong></span> <span class='ocrx_word' id='word_1_258' title='bbox 945 2615 1037 2681; x_wconf 77' lang='lat' dir='ltr'><strong>codice,</strong></span> <span class='ocrx_word' id='word_1_259' title='bbox 1048 2628 1122 2686; x_wconf 90' lang='lat' dir='ltr'><strong>quem</strong></span> <span class='ocrx_word' id='word_1_260' title='bbox 1131 2627 1179 2684; x_wconf 86' lang='lat' dir='ltr'><strong>ego</strong></span> <span class='ocrx_word' id='word_1_261' title='bbox 1190 2612 1240 2668; x_wconf 89' lang='lat' dir='ltr'><strong>Bu·</strong></span> 
     </span>
     <span class='ocr_line' id='line_1_27' title="bbox 258 2695 1239 2770; baseline -0.003 -17"><span class='ocrx_word' id='word_1_262' title='bbox 258 2699 371 2761; x_wconf 82' lang='lat' dir='ltr'><strong>densam,</strong></span> <span class='ocrx_word' id='word_1_263' title='bbox 382 2695 479 2754; x_wconf 87' lang='lat' dir='ltr'><strong>lalruius</strong></span> <span class='ocrx_word' id='word_1_264' title='bbox 490 2697 647 2754; x_wconf 78' lang='lat' dir='ltr'><strong>Proboemun</strong></span> <span class='ocrx_word' id='word_1_265' title='bbox 659 2701 800 2770; x_wconf 79' lang='lat' dir='ltr'><strong>appellarit,</strong></span> <span class='ocrx_word' id='word_1_266' title='bbox 812 2708 837 2754; x_wconf 89' lang='lat' dir='ltr'><strong>ct</strong></span> <span class='ocrx_word' id='word_1_267' title='bbox 847 2700 979 2770; x_wconf 87' lang='lat' dir='ltr'><strong>antiquiore</strong></span> <span class='ocrx_word' id='word_1_268' title='bbox 990 2699 1137 2754; x_wconf 89' lang='lat' dir='ltr'><strong>soboliomm</strong></span> <span class='ocrx_word' id='word_1_269' title='bbox 1147 2711 1239 2768; x_wconf 87' lang='lat' dir='ltr'><strong>genere</strong></span> 
     </span>
     <span class='ocr_line' id='line_1_28' title="bbox 256 2780 1239 2856; baseline -0.001 -21"><span class='ocrx_word' id='word_1_270' title='bbox 256 2782 294 2836; x_wconf 88' lang='lat' dir='ltr'><strong>rel</strong></span> <span class='ocrx_word' id='word_1_271' title='bbox 306 2781 435 2837; x_wconf 76' lang='lat' dir='ltr'><strong>l’itboeano</strong></span> <span class='ocrx_word' id='word_1_272' title='bbox 453 2782 491 2836; x_wconf 88' lang='lat' dir='ltr'><strong>vel</strong></span> <span class='ocrx_word' id='word_1_273' title='bbox 506 2780 657 2854; x_wconf 88' lang='lat' dir='ltr'><strong>Sangallensi</strong></span> <span class='ocrx_word' id='word_1_274' title='bbox 674 2791 728 2840; x_wconf 86' lang='lat' dir='ltr'><strong>tuto</strong></span> <span class='ocrx_word' id='word_1_275' title='bbox 749 2785 866 2856; x_wconf 82' lang='lat' dir='ltr'><strong>cognosci</strong></span> <span class='ocrx_word' id='word_1_276' title='bbox 881 2785 969 2854; x_wconf 88' lang='lat' dir='ltr'><strong>possit,</strong></span> <span class='ocrx_word' id='word_1_277' title='bbox 989 2783 1091 2838; x_wconf 86' lang='lat' dir='ltr'><strong>altemm</strong></span> <span class='ocrx_word' id='word_1_278' title='bbox 1111 2780 1239 2849; x_wconf 89' lang='lat' dir='ltr'><strong>multiplici</strong></span> 
     </span>
     <span class='ocr_line' id='line_1_29' title="bbox 257 2864 1238 2939; baseline -0.002 -19"><span class='ocrx_word' id='word_1_279' title='bbox 257 2866 345 2920; x_wconf 78' lang='lat' dir='ltr'><strong>votens</strong></span> <span class='ocrx_word' id='word_1_280' title='bbox 355 2867 497 2921; x_wconf 88' lang='lat' dir='ltr'><strong>correctoris</strong></span> <span class='ocrx_word' id='word_1_281' title='bbox 508 2867 603 2922; x_wconf 88' lang='lat' dir='ltr'><strong>licentia</strong></span> <span class='ocrx_word' id='word_1_282' title='bbox 614 2867 787 2931; x_wconf 81' lang='lat' dir='ltr'><strong>deformatum,</strong></span> <span class='ocrx_word' id='word_1_283' title='bbox 808 2883 880 2939; x_wconf 91' lang='lat' dir='ltr'><strong>quem</strong></span> <span class='ocrx_word' id='word_1_284' title='bbox 890 2874 971 2923; x_wconf 89' lang='lat' dir='ltr'><strong>tamen</strong></span> <span class='ocrx_word' id='word_1_285' title='bbox 982 2866 1054 2922; x_wconf 88' lang='lat' dir='ltr'><strong>medii</strong></span> <span class='ocrx_word' id='word_1_286' title='bbox 1066 2866 1118 2920; x_wconf 88' lang='lat' dir='ltr'><strong>aevi</strong></span> <span class='ocrx_word' id='word_1_287' title='bbox 1127 2864 1238 2918; x_wconf 87' lang='lat' dir='ltr'><strong>homines</strong></span> 
     </span>
     <span class='ocr_line' id='line_1_30' title="bbox 258 2948 1237 3023; baseline -0.003 -19"><span class='ocrx_word' id='word_1_288' title='bbox 258 2949 317 3004; x_wconf 91' lang='lat' dir='ltr'><strong>adeo</strong></span> <span class='ocrx_word' id='word_1_289' title='bbox 328 2951 406 3006; x_wconf 91' lang='lat' dir='ltr'><strong>solum</strong></span> <span class='ocrx_word' id='word_1_290' title='bbox 416 2958 591 3022; x_wconf 82' lang='lat' dir='ltr'><strong>eogrroverrmt‚</strong></span> <span class='ocrx_word' id='word_1_291' title='bbox 603 2958 631 3006; x_wconf 89' lang='lat' dir='ltr'><strong>ut</strong></span> <span class='ocrx_word' id='word_1_292' title='bbox 642 2952 755 3023; x_wconf 92' lang='lat' dir='ltr'><strong>quidquid</strong></span> <span class='ocrx_word' id='word_1_293' title='bbox 763 2951 875 3007; x_wconf 87' lang='lat' dir='ltr'><strong>codicum</strong></span> <span class='ocrx_word' id='word_1_294' title='bbox 886 2958 979 3022; x_wconf 90' lang='lat' dir='ltr'><strong>praeter</strong></span> <span class='ocrx_word' id='word_1_295' title='bbox 986 2964 1062 3004; x_wconf 87' lang='lat' dir='ltr'><strong>rrnrun</strong></span> <span class='ocrx_word' id='word_1_296' title='bbox 1072 2948 1140 3003; x_wconf 91' lang='lat' dir='ltr'><strong>illum</strong></span> <span class='ocrx_word' id='word_1_297' title='bbox 1150 2948 1237 3002; x_wconf 81' lang='lat' dir='ltr'><strong>habea·</strong></span> 
     </span>
     <span class='ocr_line' id='line_1_31' title="bbox 257 3031 1238 3106; baseline -0.002 -19"><span class='ocrx_word' id='word_1_298' title='bbox 257 3047 324 3097; x_wconf 83' lang='lat' dir='ltr'><strong>rnus,</strong></span> <span class='ocrx_word' id='word_1_299' title='bbox 338 3035 367 3089; x_wconf 94' lang='lat' dir='ltr'><strong>ad</strong></span> <span class='ocrx_word' id='word_1_300' title='bbox 374 3034 449 3090; x_wconf 85' lang='lat' dir='ltr'><strong>buius</strong></span> <span class='ocrx_word' id='word_1_301' title='bbox 460 3035 597 3106; x_wconf 83' lang='lat' dir='ltr'><strong>exemplum</strong></span> <span class='ocrx_word' id='word_1_302' title='bbox 607 3035 753 3106; x_wconf 87' lang='lat' dir='ltr'><strong>descriptum</strong></span> <span class='ocrx_word' id='word_1_303' title='bbox 764 3043 793 3102; x_wconf 84' lang='lat' dir='ltr'><strong>et</strong></span> <span class='ocrx_word' id='word_1_304' title='bbox 800 3042 960 3106; x_wconf 78' lang='lat' dir='ltr'><strong>propagatum</strong></span> <span class='ocrx_word' id='word_1_305' title='bbox 971 3049 1024 3090; x_wconf 78' lang='lat' dir='ltr'><strong>asse</strong></span> <span class='ocrx_word' id='word_1_306' title='bbox 1039 3033 1155 3087; x_wconf 86' lang='lat' dir='ltr'><strong>rideatur.</strong></span> <span class='ocrx_word' id='word_1_307' title='bbox 1184 3031 1238 3095; x_wconf 81' lang='lat' dir='ltr'><strong>Qua</strong></span> 
     </span>
     <span class='ocr_line' id='line_1_32' title="bbox 258 3117 1238 3191; baseline 0.001 -22"><span class='ocrx_word' id='word_1_308' title='bbox 258 3117 283 3169; x_wconf 91' lang='lat' dir='ltr'><strong>in</strong></span> <span class='ocrx_word' id='word_1_309' title='bbox 294 3119 410 3173; x_wconf 87' lang='lat' dir='ltr'><strong>sententia</strong></span> <span class='ocrx_word' id='word_1_310' title='bbox 425 3134 474 3174; x_wconf 92' lang='lat' dir='ltr'><strong>non</strong></span> <span class='ocrx_word' id='word_1_311' title='bbox 490 3119 538 3174; x_wconf 89' lang='lat' dir='ltr'><strong>hoe</strong></span> <span class='ocrx_word' id='word_1_312' title='bbox 554 3120 621 3182; x_wconf 89' lang='lat' dir='ltr'><strong>dico,</strong></span> <span class='ocrx_word' id='word_1_313' title='bbox 640 3119 743 3191; x_wconf 90' lang='lat' dir='ltr'><strong>reliquos</strong></span> <span class='ocrx_word' id='word_1_314' title='bbox 754 3120 850 3176; x_wconf 75' lang='lat' dir='ltr'><strong>codices</strong></span> <span class='ocrx_word' id='word_1_315' title='bbox 863 3126 888 3174; x_wconf 91' lang='lat' dir='ltr'><strong>et</strong></span> <span class='ocrx_word' id='word_1_316' title='bbox 903 3119 968 3188; x_wconf 90' lang='lat' dir='ltr'><strong>ipsos</strong></span> <span class='ocrx_word' id='word_1_317' title='bbox 978 3118 1049 3173; x_wconf 88' lang='lat' dir='ltr'><strong>nnius</strong></span> <span class='ocrx_word' id='word_1_318' title='bbox 1059 3124 1153 3171; x_wconf 83' lang='lat' dir='ltr'><strong>tanturn</strong></span> <span class='ocrx_word' id='word_1_319' title='bbox 1163 3117 1238 3170; x_wconf 83' lang='lat' dir='ltr'><strong>instar</strong></span> 
     </span>
     <span class='ocr_line' id='line_1_33' title="bbox 259 3200 1238 3275; baseline 0.003 -23"><span class='ocrx_word' id='word_1_320' title='bbox 259 3214 311 3253; x_wconf 85' lang='lat' dir='ltr'><strong>esse</strong></span> <span class='ocrx_word' id='word_1_321' title='bbox 321 3215 397 3272; x_wconf 90' lang='lat' dir='ltr'><strong>neque</strong></span> <span class='ocrx_word' id='word_1_322' title='bbox 408 3203 470 3258; x_wconf 88' lang='lat' dir='ltr'><strong>inter</strong></span> <span class='ocrx_word' id='word_1_323' title='bbox 480 3218 508 3258; x_wconf 87' lang='lat' dir='ltr'><strong>se</strong></span> <span class='ocrx_word' id='word_1_324' title='bbox 518 3217 601 3258; x_wconf 73' lang='lat' dir='ltr'><strong>illisus</strong></span> <span class='ocrx_word' id='word_1_325' title='bbox 611 3204 694 3258; x_wconf 88' lang='lat' dir='ltr'><strong>multis</strong></span> <span class='ocrx_word' id='word_1_326' title='bbox 710 3205 854 3275; x_wconf 85' lang='lat' dir='ltr'><strong>magnisque</strong></span> <span class='ocrx_word' id='word_1_327' title='bbox 870 3202 1023 3258; x_wconf 83' lang='lat' dir='ltr'><strong>radetatibus</strong></span> <span class='ocrx_word' id='word_1_328' title='bbox 1034 3200 1144 3261; x_wconf 84' lang='lat' dir='ltr'><strong>differre;</strong></span> <span class='ocrx_word' id='word_1_329' title='bbox 1161 3200 1238 3255; x_wconf 91' lang='lat' dir='ltr'><strong>immo</strong></span> 
     </span>
     <span class='ocr_line' id='line_1_34' title="bbox 258 3281 1237 3356; baseline 0.002 -21"><span class='ocrx_word' id='word_1_330' title='bbox 258 3281 344 3336; x_wconf 90' lang='lat' dir='ltr'><strong>homrn</strong></span> <span class='ocrx_word' id='word_1_331' title='bbox 354 3300 448 3356; x_wconf 88' lang='lat' dir='ltr'><strong>quoque</strong></span> <span class='ocrx_word' id='word_1_332' title='bbox 466 3294 491 3342; x_wconf 87' lang='lat' dir='ltr'><strong>el</strong></span> <span class='ocrx_word' id='word_1_333' title='bbox 501 3287 604 3342; x_wconf 81' lang='lat' dir='ltr'><strong>familiae</strong></span> <span class='ocrx_word' id='word_1_334' title='bbox 615 3287 722 3342; x_wconf 87' lang='lat' dir='ltr'><strong>bonitate</strong></span> <span class='ocrx_word' id='word_1_335' title='bbox 737 3288 807 3342; x_wconf 85' lang='lat' dir='ltr'><strong>valde</strong></span> <span class='ocrx_word' id='word_1_336' title='bbox 823 3287 930 3342; x_wconf 84' lang='lat' dir='ltr'><strong>diversae</strong></span> <span class='ocrx_word' id='word_1_337' title='bbox 946 3292 1042 3342; x_wconf 74' lang='lat' dir='ltr'><strong>exstare</strong></span> <span class='ocrx_word' id='word_1_338' title='bbox 1058 3292 1083 3340; x_wconf 93' lang='lat' dir='ltr'><strong>et</strong></span> <span class='ocrx_word' id='word_1_339' title='bbox 1097 3283 1189 3354; x_wconf 82' lang='lat' dir='ltr'><strong>singoli</strong></span> <span class='ocrx_word' id='word_1_340' title='bbox 1200 3284 1237 3338; x_wconf 91' lang='lat' dir='ltr'><strong>in·</strong></span> 
     </span>
     <span class='ocr_line' id='line_1_35' title="bbox 258 3366 1236 3441; baseline 0.002 -21"><span class='ocrx_word' id='word_1_341' title='bbox 258 3366 353 3437; x_wconf 81' lang='lat' dir='ltr'><strong>signem</strong></span> <span class='ocrx_word' id='word_1_342' title='bbox 364 3366 512 3424; x_wconf 83' lang='lat' dir='ltr'><strong>librariorum</strong></span> <span class='ocrx_word' id='word_1_343' title='bbox 527 3371 650 3426; x_wconf 87' lang='lat' dir='ltr'><strong>audaciam</strong></span> <span class='ocrx_word' id='word_1_344' title='bbox 661 3373 753 3441; x_wconf 79' lang='lat' dir='ltr'><strong>experti</strong></span> <span class='ocrx_word' id='word_1_345' title='bbox 769 3378 841 3436; x_wconf 86' lang='lat' dir='ltr'><strong>sunt,</strong></span> <span class='ocrx_word' id='word_1_346' title='bbox 859 3372 928 3426; x_wconf 88' lang='lat' dir='ltr'><strong>ouius</strong></span> <span class='ocrx_word' id='word_1_347' title='bbox 942 3369 1048 3426; x_wconf 88' lang='lat' dir='ltr'><strong>notabile</strong></span> <span class='ocrx_word' id='word_1_348' title='bbox 1064 3369 1236 3424; x_wconf 89' lang='lat' dir='ltr'><strong>documentum</strong></span> 
     </span>
     <span class='ocr_line' id='line_1_36' title="bbox 257 3448 1237 3526; baseline 0.001 -24"><span class='ocrx_word' id='word_1_349' title='bbox 257 3448 457 3521; x_wconf 80' lang='lat' dir='ltr'><strong>Veeeenmeyerus</strong></span> <span class='ocrx_word' id='word_1_350' title='bbox 469 3454 492 3506; x_wconf 88' lang='lat' dir='ltr'><strong>in</strong></span> <span class='ocrx_word' id='word_1_351' title='bbox 500 3453 585 3526; x_wconf 80' lang='lat' dir='ltr'><strong>Progr.</strong></span> <span class='ocrx_word' id='word_1_352' title='bbox 596 3453 703 3510; x_wconf 86' lang='lat' dir='ltr'><strong>Ulmensi</strong></span> <span class='ocrx_word' id='word_1_353' title='bbox 711 3459 781 3514; x_wconf 79' lang='lat'><strong>1793</strong></span> <span class='ocrx_word' id='word_1_354' title='bbox 791 3455 933 3526; x_wconf 70' lang='lat' dir='ltr'><strong>publicavitr</strong></span> <span class='ocrx_word' id='word_1_355' title='bbox 945 3470 991 3510; x_wconf 90' lang='lat' dir='ltr'><strong>nec</strong></span> <span class='ocrx_word' id='word_1_356' title='bbox 1001 3453 1107 3508; x_wconf 80' lang='lat' dir='ltr'><strong>uicissim</strong></span> <span class='ocrx_word' id='word_1_357' title='bbox 1118 3451 1237 3520; x_wconf 89' lang='lat' dir='ltr'><strong>optimum</strong></span> 
     </span>
     <span class='ocr_line' id='line_1_37' title="bbox 258 3533 1238 3609; baseline 0 -22"><span class='ocrx_word' id='word_1_358' title='bbox 258 3533 367 3588; x_wconf 82' lang='lat' dir='ltr'><strong>codicem</strong></span> <span class='ocrx_word' id='word_1_359' title='bbox 380 3537 502 3590; x_wconf 90' lang='lat' dir='ltr'><strong>communi</strong></span> <span class='ocrx_word' id='word_1_360' title='bbox 513 3537 624 3592; x_wconf 87' lang='lat' dir='ltr'><strong>omnibus</strong></span> <span class='ocrx_word' id='word_1_361' title='bbox 635 3539 825 3609; x_wconf 87' lang='lat' dir='ltr'><strong>corruptelamm</strong></span> <span class='ocrx_word' id='word_1_362' title='bbox 843 3540 880 3594; x_wconf 87' lang='lat' dir='ltr'><strong>rel</strong></span> <span class='ocrx_word' id='word_1_363' title='bbox 896 3539 1114 3594; x_wconf 89' lang='lat' dir='ltr'><strong>additamentorum</strong></span> <span class='ocrx_word' id='word_1_364' title='bbox 1130 3533 1184 3588; x_wconf 88' lang='lat' dir='ltr'><strong>labe</strong></span> <span class='ocrx_word' id='word_1_365' title='bbox 1196 3549 1238 3588; x_wconf 89' lang='lat' dir='ltr'><strong>ca·</strong></span> 
     </span>
     <span class='ocr_line' id='line_1_38' title="bbox 257 3617 1237 3690; baseline 0.002 -19"><span class='ocrx_word' id='word_1_366' title='bbox 257 3631 309 3672; x_wconf 88' lang='lat' dir='ltr'><strong>rere</strong></span> <span class='ocrx_word' id='word_1_367' title='bbox 326 3624 350 3672; x_wconf 88' lang='lat' dir='ltr'><strong>et</strong></span> <span class='ocrx_word' id='word_1_368' title='bbox 367 3632 421 3671; x_wconf 91' lang='lat' dir='ltr'><strong>mea</strong></span> <span class='ocrx_word' id='word_1_369' title='bbox 438 3627 463 3672; x_wconf 90' lang='lat' dir='ltr'><strong>et</strong></span> <span class='ocrx_word' id='word_1_370' title='bbox 479 3620 580 3676; x_wconf 85' lang='lat' dir='ltr'><strong>aliorum</strong></span> <span class='ocrx_word' id='word_1_371' title='bbox 597 3623 738 3678; x_wconf 90' lang='lat' dir='ltr'><strong>emendandi</strong></span> <span class='ocrx_word' id='word_1_372' title='bbox 755 3624 880 3678; x_wconf 88' lang='lat' dir='ltr'><strong>conamina</strong></span> <span class='ocrx_word' id='word_1_373' title='bbox 897 3620 1090 3690; x_wconf 84' lang='lat' dir='ltr'><strong>libereproleesa</strong></span> <span class='ocrx_word' id='word_1_374' title='bbox 1099 3625 1171 3679; x_wconf 70' lang='lat' dir='ltr'><strong>sunm</strong></span> <span class='ocrx_word' id='word_1_375' title='bbox 1189 3617 1237 3688; x_wconf 88' lang='lat' dir='ltr'><strong>ipsi</strong></span> 
     </span>
     <span class='ocr_line' id='line_1_39' title="bbox 256 3701 1236 3775; baseline 0.001 -20"><span class='ocrx_word' id='word_1_376' title='bbox 256 3706 337 3756; x_wconf 71' lang='lat' dir='ltr'><strong>umen</strong></span> <span class='ocrx_word' id='word_1_377' title='bbox 349 3701 490 3758; x_wconf 86' lang='lat' dir='ltr'><strong>emendandi</strong></span> <span class='ocrx_word' id='word_1_378' title='bbox 500 3705 601 3774; x_wconf 86' lang='lat' dir='ltr'><strong>negotio</strong></span> <span class='ocrx_word' id='word_1_379' title='bbox 613 3721 686 3774; x_wconf 89' lang='lat' dir='ltr'><strong>quum</strong></span> <span class='ocrx_word' id='word_1_380' title='bbox 696 3706 756 3762; x_wconf 86' lang='lat' dir='ltr'><strong>baec</strong></span> <span class='ocrx_word' id='word_1_381' title='bbox 767 3713 861 3762; x_wconf 88' lang='lat' dir='ltr'><strong>tantum</strong></span> <span class='ocrx_word' id='word_1_382' title='bbox 871 3706 938 3775; x_wconf 89' lang='lat' dir='ltr'><strong>optio</strong></span> <span class='ocrx_word' id='word_1_383' title='bbox 950 3705 1005 3761; x_wconf 85' lang='lat' dir='ltr'><strong>data</strong></span> <span class='ocrx_word' id='word_1_384' title='bbox 1015 3704 1061 3770; x_wconf 89' lang='lat' dir='ltr'><strong>sit,</strong></span> <span class='ocrx_word' id='word_1_385' title='bbox 1072 3709 1154 3757; x_wconf 86' lang='lat' dir='ltr'><strong>utrum</strong></span> <span class='ocrx_word' id='word_1_386' title='bbox 1164 3701 1193 3756; x_wconf 92' lang='lat' dir='ltr'><strong>ab</strong></span> <span class='ocrx_word' id='word_1_387' title='bbox 1204 3716 1236 3757; x_wconf 88' lang='lat' dir='ltr'><strong>eo</strong></span> 
     </span>
     <span class='ocr_line' id='line_1_40' title="bbox 255 3783 1236 3861; baseline 0 -21"><span class='ocrx_word' id='word_1_388' title='bbox 255 3783 371 3841; x_wconf 85' lang='lat' dir='ltr'><strong>librorum</strong></span> <span class='ocrx_word' id='word_1_389' title='bbox 382 3800 471 3859; x_wconf 80' lang='lat' dir='ltr'><strong>genere</strong></span> <span class='ocrx_word' id='word_1_390' title='bbox 481 3787 653 3858; x_wconf 84' lang='lat' dir='ltr'><strong>proficiscatur,</strong></span> <span class='ocrx_word' id='word_1_391' title='bbox 670 3791 694 3845; x_wconf 94' lang='lat' dir='ltr'><strong>in</strong></span> <span class='ocrx_word' id='word_1_392' title='bbox 705 3806 752 3861; x_wconf 87' lang='lat' dir='ltr'><strong>quo</strong></span> <span class='ocrx_word' id='word_1_393' title='bbox 762 3803 893 3860; x_wconf 81' lang='lat' dir='ltr'><strong>numquam</strong></span> <span class='ocrx_word' id='word_1_394' title='bbox 903 3805 953 3844; x_wconf 91' lang='lat' dir='ltr'><strong>non</strong></span> <span class='ocrx_word' id='word_1_395' title='bbox 962 3788 1139 3857; x_wconf 86' lang='lat' dir='ltr'><strong>interpolatoris</strong></span> <span class='ocrx_word' id='word_1_396' title='bbox 1150 3799 1236 3841; x_wconf 85' lang='lat' dir='ltr'><strong>occur·</strong></span> 
     </span>
     <span class='ocr_line' id='line_1_41' title="bbox 988 3868 1032 3929; baseline 0 -22"><span class='ocrx_word' id='word_1_397' title='bbox 988 3868 1032 3929; x_wconf 75' lang='lat' dir='ltr'><strong>b*</strong></span> 
     </span>
    </p>
   </div>
   <div class='ocr_carea' id='block_1_5' title="bbox 0 0 1530 4484">
    <p class='ocr_par' dir='ltr' id='par_1_5' title="bbox 0 0 1530 4484">
     <span class='ocr_line' id='line_1_42' title="bbox 0 0 1530 4484; baseline 0 3"><span class='ocrx_word' id='word_1_398' title='bbox 0 0 1530 4484; x_wconf 95' lang='lat' dir='ltr'><strong> </strong></span> 
     </span>
    </p>
   </div>
  </div>
 </body>
</html>
