3050 4484
307 460 347 521 74
585 428 588 431 ’
650 468 685 514 n.
709 466 781 515 rum.
804 467 989 515 nonnemo

306 594 424 671 Fortem
445 623 537 687 posco
561 608 698 681 animum,
721 607 821 665 mortio
842 614 956 665 terrore
979 598 1135 683 car'ontcm,
1168 638 1171 645 ·
1278 628 1283 633 ’

307 692 364 767 eri
384 692 506 770 spatium
534 691 611 749 vitae
637 693 796 749 extremum
820 691 896 748 inter
917 707 1034 751 munera
1055 700 1145 768 ponat

306 776 451 849 Naturae,
481 775 529 851 qui
552 774 630 833 ferre
655 783 742 851 queat
766 790 965 851 quoecumque
990 774 1119 851 laboret,

306 859 427 918 Nesciat
448 858 551 933 irasci,
575 859 672 937 cupiat
695 857 766 917 nihil
787 866 816 916 ot
838 859 970 934 potiores
1236 868 1289 924 36⁰
1401 853 1403 865 ¹

185 982 186 985 κ
305 941 440 1001 llerculia
464 959 615 1001 aerumnas
642 941 741 1001 credat
768 957 933 1017 saevosque
955 941 1074 1001 labores

305 1024 344 1085 llt
365 1024 482 1085 Venere
506 1035 535 1085 ct
560 1026 659 1085 coenis
682 1033 713 1083 et
735 1024 831 1102 pluma
856 1024 1065 1103 Sardanapalli.

305 1108 435 1169 lllonstro
459 1110 537 1187 quod
558 1111 622 1187 ipse
645 1108 697 1167 tihi
724 1109 820 1186 poaaia
844 1108 932 1175 dare;
957 1111 1059 1168 remita
1081 1117 1163 1169 certe

306 1192 490 1270 'tranquillae
518 1210 572 1271 per
589 1194 725 1251 'virtutem
748 1200 829 1269 patet
849 1192 935 1251 unica
956 1194 1043 1253 ritae.

305 1274 421 1335 Nullum
441 1294 544 1335 numen
565 1276 663 1351 abeat,
688 1276 712 1334 ri
735 1276 773 1333 ait
790 1275 956 1352 prudentia;
979 1294 1034 1335 noa
1055 1286 1086 1335 te
1237 1285 1287 1340 365

305 1357 367 1418 Noa
389 1360 527 1434 iacimus,
552 1358 694 1433 Fortuna,
722 1359 806 1420 deam
830 1358 975 1437 coeloque
996 1360 1136 1420 locamur.

632 1678 867 1742 SATIRA
897 1678 958 1742 XI.

304 1806 425 1898 Atticus
449 1836 554 1897 eximie
574 1837 598 1894 ai
624 1844 745 1911 coenat,
768 1836 862 1896 lautua
883 1836 1020 1903 habetur;

306 1923 337 1981 Si
359 1917 487 1993 Rutilus,
513 1919 642 1979 demens.
677 1919 751 1993 Quid
775 1922 851 1979 enim
874 1920 983 1979 maiore
1007 1919 1146 1980 cachinno

305 2004 458 2081 Excipitur
481 2002 578 2079 vulgi,
603 2022 688 2082 quam
710 2022 822 2082 pauper
845 2000 986 2081 Apicius?
1007 2005 1098 2063 omnia

307 2086 479 2161 Convictus,
502 2084 647 2164 thermae,
676 2090 834 2162 stationes,
855 2104 940 2147 omne
961 2087 1105 2149 theatrum

305 2171 350 2232 De
376 2170 485 2229 Rutilo.
518 2168 590 2229 Nam
616 2170 681 2233 dum
704 2172 801 2233 valida
825 2188 861 2231 ac
883 2170 1029 2232 iuvenalia
1051 2171 1179 2233 membra
1274 2183 1292 2237 5

306 2255 459 2315 Sufficiunt
485 2253 606 2329 galeae,
634 2255 757 2333 dumque
782 2254 884 2315 ardent
909 2255 1065 2331 sauguine,
1091 2255 1193 2330 fertur,

305 2337 372 2399 Non
396 2347 521 2414 cogente
545 2338 676 2414 quidem,
701 2338 754 2399 aed
777 2357 833 2399 uec
856 2338 1030 2417 prohibente
1053 2338 1178 2414 tribuno,
1407 2337 1409 2408 l

306 2423 473 2499 Scripturus
496 2420 581 2498 leges
608 2432 637 2485 ct
662 2423 744 2499 regia
761 2421 859 2491 'verba
880 2422 1013 2483 laniatae.

305 2505 413 2565 lllnltoo
436 2521 525 2583 porro
549 2505 648 2582 vides,
672 2522 747 2583 quos
770 2524 861 2584 saepe
887 2506 986 2566 cluana
1011 2505 1048 2565 ad
1073 2507 1191 2586 ipsum

307 2587 443 2649 Creditur
464 2589 610 2649 introitum
634 2589 713 2649 solet
733 2598 909 2667 exspectare
932 2589 1060 2664 macelli,
1259 2602 1296 2657 ιο

306 2671 344 2731 Et
371 2670 473 2749 quihus
495 2672 524 2730 in
547 2672 612 2731 solo
635 2672 751 2731 vivendi
774 2690 863 2733 causa
883 2671 983 2749 palato
1006 2681 1062 2731 eat.

306 2754 582 2831 Egregiuacocuat
603 2756 766 2832 meliusque
786 2756 962 2816 mnernmur
984 2754 1086 2817 horum

119 2878 120 2881 κ
206 2912 208 2915 ¹
306 2837 344 2897 Et
370 2839 427 2897 cito
453 2854 572 2897 casurus
597 2840 652 2898 iam
673 2838 844 2916 perlucente
869 2840 962 2900 ruina.

306 2922 423 2983 Interea
444 2929 546 2998 gustus
568 2921 712 2983 elementa
736 2940 791 3001 per
813 2925 907 2983 omnia
929 2931 1080 3002 quaerunt,

306 3004 468 3083 Numquam
494 3007 710 3089 animopretiia
737 3006 932 3075 obatautihua;
959 3007 1078 3067 interius
1101 3008 1138 3067 ai,
1259 3018 1296 3071 15
1347 3002 1358 3023 ‘

307 3087 466 3163 Attendas,
489 3091 582 3166 magia
603 3088 652 3151 illa
675 3092 788 3166 iuvant,
812 3108 886 3170 quae
909 3090 1000 3170 pluria
1022 3099 1163 3149 emuntur.

307 3172 387 3249 Ergo
409 3171 485 3233 haud
510 3172 628 3233 difficile
651 3183 696 3235 eat
721 3177 878 3253 perituram
900 3190 1054 3233 arcessere
1076 3191 1223 3251 summam,

306 3256 448 3317 lancibus
475 3258 618 3335 oppositis
643 3258 693 3319 vel
715 3260 815 3319 matris
835 3258 960 3332 imagine
982 3256 1086 3332 tracta,

307 3338 346 3399 Et
371 3340 586 3419 quadringentis
609 3344 729 3401 nummis
755 3341 874 3401 condire
896 3340 1033 3415 gulosum

308 3422 428 3483 Fictile:
452 3426 495 3485 nic
517 3426 634 3487 veniunt
661 3424 697 3484 ad
732 3422 909 3491 miscillauca
930 3423 998 3483 ludi.
1257 3435 1295 3487 ao

308 3506 412 3567 Refert
438 3525 524 3586 ergo,
549 3510 612 3587 quis
635 3508 710 3573 haec
735 3507 838 3567 cadem
865 3516 962 3584 paret:
986 3508 1015 3566 in
1037 3505 1133 3566 Rutilo
1157 3525 1223 3567 nam

308 3588 432 3653 Luxuria
457 3602 519 3668 eat,
544 3592 574 3650 iu
596 3590 730 3651 Ventidio
755 3589 900 3651 laudabile
922 3607 1028 3650 nomen

309 3674 400 3733 Sumit
425 3685 454 3734 et
475 3694 492 3735 a
514 3692 604 3735 ceusu
625 3676 728 3737 lamam
751 3673 847 3735 trahit.
884 3674 967 3735 Illum
990 3690 1047 3750 ego
1069 3674 1131 3733 iure
