3050 4484
291 441 378 492 XXIV
689 439 896 489 PRAEFATIO.

295 601 339 642 suo
351 585 403 640 iure
412 585 514 658 flagitat,
525 598 585 654 puer
595 598 643 638 non
661 583 732 643 item:
744 582 792 650 hoc
803 584 879 654 igitur
886 601 974 640 munus
984 587 1098 655 peculini
1109 582 1272 644 additamento

292 685 322 724 eo
334 669 422 723 certius
441 667 577 740 significare
589 682 661 722 ausus
671 681 739 731 sum,
759 683 806 736 qno
824 669 902 722 minor
918 670 1048 739 particulae
1058 670 1109 724 illio
1117 672 1153 724 vis
1164 679 1270 740 apparet.

292 753 328 808 Ne
347 759 427 806 tantm
446 753 518 806 etiarn
533 767 557 807 v.
570 753 604 806 35
612 751 725 820 pusioni,
745 765 817 820 quern
829 767 912 806 omues
923 753 974 806 fere
990 752 1043 806 libri
1054 753 1167 808 exhibent
1177 769 1224 808 neo
1232 754 1271 808 Pi·

293 836 388 892 thoconi
402 853 452 908 pu.
462 836 498 893 .a'o
516 835 634 898 excludit,
644 833 772 904 popiooem
782 833 830 888 boo
841 836 1011 908 estpppionom
1023 852 1079 890 cunr
1090 836 1171 892 labnio
1181 837 1271 894 substi-

293 927 397 982 tuerem,
415 921 442 974 in
457 925 523 974 tauta
539 917 721 996 significationis
736 917 891 974 similitudine
901 935 951 993 qon
961 920 1028 974 latini
1039 927 1133 976 tautum
1144 920 1271 974 sedetiam

293 1005 374 1075 graeci
385 1004 502 1058 sermonis
512 1003 633 1058 silentium
644 1000 779 1070 prohibuit,
795 1002 836 1071 qui
846 1017 893 1056 neo
902 1004 955 1072 ipse
963 1003 1092 1070 πυγιῶνα
1102 1005 1182 1065 novit;
1193 1017 1271 1074 neque

292 1105 323 1142 ec
333 1093 355 1141 te
365 1089 445 1156 potius
457 1101 528 1158 quarn
538 1104 554 1140 o
564 1093 586 1139 te
602 1084 720 1142 scribendi
731 1099 803 1138 causa
814 1085 839 1140 io
849 1085 972 1140 Pitbomni
984 1103 1064 1142 rasura
1075 1087 1196 1150 exstabat,
1209 1101 1271 1157 quae

293 1172 338 1225 etsi
354 1185 401 1225 una
411 1171 479 1225 litera
490 1170 589 1239 amplior
599 1169 643 1230 sit,
664 1167 711 1222 ltoo
727 1168 778 1237 ipso
789 1170 866 1238 spatio
884 1172 971 1226 erroris
981 1172 1083 1242 vestigia
1094 1172 1272 1226 utouteconti·

292 1269 349 1310 uere
360 1261 446 1324 potest.
462 1281 498 1291 -
511 1253 540 1305 V.
555 1257 588 1309 55
598 1250 706 1306 sedidem
716 1264 779 1321 egos
796 1251 897 1308 memo
907 1255 1012 1324 plurimi,
1022 1254 1098 1310 orbito
1108 1254 1204 1309 labnius
1214 1269 1271 1308 cunr

293 1335 416 1394 pithoeani
432 1352 505 1392 nrann
521 1336 613 1404 priore,
632 1350 682 1388 uon
701 1342 795 1401 manen,
815 1338 911 1407 opinor,
929 1354 978 1409 quo
995 1340 1166 1408 sie-scripsisse
1175 1345 1271 1407 poetam

293 1422 452 1486 arbitraretur,
460 1419 501 1476 sed
509 1419 636 1474 ueinlooo
644 1418 1008 1488 desperatoasnndarnentosuo
1018 1422 1116 1494 lougius
1125 1421 1271 1482 discederem
1310 1415 1316 1420 '

293 1519 436 1576 quamquam
446 1504 509 1558 viam
520 1501 659 1558 emendandi
672 1503 719 1556 ianr
731 1506 872 1559 monstravit
884 1505 911 1560 (1,
924 1505 1037 1560 Bartbius
1046 1513 1071 1560 et
1082 1500 1109 1562 P.
1120 1506 1272 1560 Burmannus

292 1588 360 1644 odat
371 1585 541 1656 proponendo,
560 1585 624 1658 quod
634 1586 733 1640 verbum
744 1587 885 1643 libidinosae
895 1589 1002 1644 mulieris
1018 1591 1135 1658 pruritum
1146 1588 1270 1648 describitr

294 1673 395 1742 indeque
406 1671 469 1724 sacili
479 1670 578 1740 negotio
590 1669 732 1724 adiectivurn
742 1669 855 1741 lingitur,
866 1672 931 1742 qnod
945 1674 991 1726 etsi
1000 1687 1075 1727 unum
1092 1678 1213 1741 praeterea
1224 1671 1271 1724 lle-

293 1757 386 1811 dituunr
398 1753 460 1823 apud
472 1751 532 1808 Gall.
543 1752 608 1806 lllll.
619 1756 637 1810 9
654 1767 781 1822 usurpasse
791 1761 884 1810 eertum
895 1761 945 1818 est,
956 1764 1036 1810 tamen
1047 1762 1073 1810 et
1083 1755 1169 1810 rationi
1180 1762 1205 1808 et
1214 1769 1270 1808 scu-

293 1825 381 1894 tentiae
392 1838 517 1908 insigniter
528 1837 652 1902 convenit,
663 1851 741 1906 neque
751 1837 806 1904 hoc,
819 1843 847 1892 ut
858 1853 941 1908 spero,
953 1839 975 1893 ei
986 1839 1098 1906 nocebit,
1109 1839 1174 1910 quod
1184 1837 1270 1892 eodem

293 1931 415 1992 ternpore,
433 1937 480 1992 quo
498 1934 546 1991 ego
562 1919 720 1974 booaltemm
736 1921 788 1975 eius
799 1922 935 1992 exemplum
946 1924 1067 1986 revocavi,
1085 1921 1270 1991 Hertziusapnd
1330 1959 1334 1964 -

293 2007 398 2062 Gellium
407 2005 543 2075 nescioquo
553 2002 757 2058 auctorerobitwo
767 2004 849 2059 edidit.
867 2005 1108 2078 ltinrupuguov.70
1118 2022 1162 2076 pro
1172 2006 1271 2060 nomine

293 2090 364 2153 Acri,
382 2089 446 2160 quod
464 2087 518 2142 ideo
529 2094 620 2142 tantum
632 2088 752 2151 revocavi,
765 2088 821 2158 quia
831 2105 902 2152 oeae,
915 2091 979 2160 quod
995 2091 1020 2144 in
1036 2090 1098 2146 Pilb.
1114 2097 1158 2153 est,
1176 2104 1207 2144 ue
1217 2090 1271 2158 ipse

293 2173 402 2246 quidem,
415 2172 455 2242 qui
465 2177 549 2226 ummo
559 2170 665 2242 traqoedi
675 2171 814 2240 explicavit,
825 2172 954 2228 scholiasta
965 2174 1051 2230 melius
1061 2189 1133 2244 quarn
1143 2188 1188 2229 uos
1197 2172 1271 2228 intel

292 2258 379 2314 texisse
389 2257 495 2318 videtum
505 2255 548 2310 sed
558 2261 586 2310 ut
597 2253 671 2309 labnii
678 2257 813 2310 cautionem
824 2257 1095 2328 laudo,'qoi,rorroptum
1102 2271 1174 2328 qnam
1184 2271 1269 2326 suspe-

293 2350 359 2398 ctum
368 2341 441 2396 edere
451 2339 542 2405 maluit,
554 2341 587 2394 ita
597 2353 643 2392 uec
654 2349 693 2393 mc
706 2340 877 2410 reprehensum
892 2341 921 2396 iri
931 2357 1009 2410 spero,
1020 2343 1061 2414 qui
1071 2330 1153 2396 bacin
1164 2341 1268 2396 editione

292 2441 340 2480 uon
352 2426 400 2496 legi
411 2431 502 2480 tantum
514 2424 556 2480 sed
567 2424 640 2477 etiarn
650 2423 757 2495 intellegi
767 2424 904 2480 Iuvenalem
913 2426 1039 2482 voluerim.
1052 2454 1089 2464 -
1106 2425 1134 2482 V.
1148 2428 1205 2482 117.
1217 2427 1270 2482 118

293 2508 545 2578 curtransposncrim,
564 2508 652 2561 inserto
669 2514 891 2580 auteteqoteormea
902 2524 932 2563 ex
945 2510 1164 2567 conicetumet.io
1175 2507 1266 2562 llndic.
1296 2577 1299 2581 ¹
1397 2549 1402 2560 .

293 2609 318 2664 p.
331 2600 363 2651 11
375 2591 482 2662 pluribus
494 2591 601 2660 exposui,
614 2589 749 2662 ibidemque
759 2593 878 2648 caucellos
887 2595 976 2649 ulli.
989 2596 1048 2650 157.
1060 2595 1111 2648 att
1122 2591 1214 2659 positos
1224 2590 1268 2642 de-

269 2667 281 2682 '
292 2677 370 2740 tendi,
382 2675 468 2746 quibus
485 2681 512 2728 ut
521 2681 615 2744 praeter
626 2691 648 2730 v.
662 2679 726 2742 126,
742 2693 790 2747 quo
801 2684 826 2729 et
836 2675 897 2730 Pitb.
909 2682 987 2740 caret,
1003 2676 1051 2729 iam
1062 2675 1133 2728 etiam
1143 2689 1164 2727 v.
1179 2676 1229 2729 115
1241 2678 1267 2725 11
1289 2677 1306 2702 ⁰

293 2763 345 2818 130
356 2759 479 2821 adderem,
500 2774 548 2813 non
564 2765 697 2814 structurae
714 2761 793 2830 magis
808 2759 995 2814 inconcinnitate
1012 2772 1084 2828 quam
1093 2756 1206 2827 imaginis
1216 2755 1269 2809 lau·

293 2858 370 2917 gnore
386 2849 466 2898 motus
482 2858 543 2897 snut.
575 2842 745 2900 braccarae
761 2850 787 2896 11
796 2843 910 2913 asyndeto
920 2842 1025 2904 laborat,
1041 2847 1066 2912 et
1076 2839 1268 2896 antecedentium

292 2927 411 2983 atrocitati
421 2926 479 2982 nibil
492 2927 537 2981 ulsi
548 2926 653 2997 uulgaris
670 2926 801 2980 meretricis
817 2926 922 2996 speciem
933 2925 1011 2979 verbis
1022 2924 1148 2993 pariterue
1162 2922 1271 2978 numeris

292 3012 394 3068 inertem
405 3011 483 3070 addit;
494 3027 516 3066 v.
532 3013 583 3068 130
593 3017 672 3064 autern
684 3010 768 3078 etipse
779 3023 846 3064 acres
857 3009 991 3079 praegressi
1001 3008 1111 3062 versiculi
1122 3007 1215 3062 colores
1225 3020 1269 3067 cx·

292 3095 402 3166 plicando
414 3101 521 3148 attenuat
531 3094 650 3163 simulque
661 3093 817 3163 polysyndeto
825 3093 958 3148 naturalem
968 3091 1081 3146 orationis
1092 3106 1189 3146 cursum
1200 3105 1270 3160 prae·

293 3186 329 3234 ter
340 3193 436 3234 omnem
447 3178 614 3232 necessitatem
625 3175 715 3236 tardat,
726 3176 812 3246 quibus
822 3177 853 3231 de
862 3176 935 3230 rebus
944 3190 1087 3246 quamquam
1100 3190 1171 3230 suum
1182 3175 1274 3244 cuique

295 3263 410 3320 iudicium
422 3262 522 3332 relinqui
534 3260 612 3322 debet,
625 3259 725 3314 cancelli
735 3265 816 3314 tamen
827 3261 900 3314 etiam
911 3259 1040 3328 suspicioni
1052 3259 1140 3330 aliquid
1149 3257 1272 3328 indulgeri

291 3348 421 3416 patiuntur.
436 3373 473 3382 —
482 3345 510 3399 V.
519 3350 568 3400 151
579 3350 685 3396 veterem
698 3357 777 3396 meam
781 3344 944 3398 coniecturam
954 3342 1091 3416 prumalem
1100 3343 1164 3398 maia
1171 3343 1215 3398 boc
1225 3355 1269 3410 pro

292 3431 320 3484 io
329 3430 372 3486 doc
382 3432 405 3484 iu
418 3429 525 3484 ordinent
535 3427 627 3495 recepi,
640 3427 695 3496 quia
706 3427 730 3480 iu
741 3427 777 3490 iis,
790 3443 851 3498 quae
861 3428 1018 3490 antecedunt,
1031 3443 1080 3482 non
1089 3433 1200 3496 sumptos
1209 3424 1270 3487 lieri,

292 3514 334 3569 sed
344 3515 406 3584 ipsas
417 3527 456 3566 ros
466 3510 511 3566 sibi
521 3517 644 3580 tamquam
654 3511 755 3582 exiguas
765 3511 848 3566 donari
859 3527 920 3566 uxor
929 3511 995 3573 vult;
1007 3525 1052 3566 neo
1062 3515 1144 3569 1153
1157 3508 1271 3564 audacius

188 3601 191 3606 ’
293 3597 372 3668 egisse
388 3595 482 3660 videor,
500 3594 541 3665 qui
559 3594 713 3652 aPitboeaua
727 3595 832 3651 lectione
846 3612 892 3668 quo
907 3597 937 3651 ad
947 3603 1053 3650 veterem
1064 3610 1135 3667 maon
1150 3592 1269 3654 redierint,

293 3680 347 3751 qaia
364 3695 411 3732 uon
421 3685 487 3732 totus
497 3679 600 3746 mensis,
612 3678 654 3734 sed
665 3677 826 3736 Saturnalium
836 3687 932 3750 tempus
941 3680 1005 3734 circa
1015 3679 1124 3734 bmmam
1135 3675 1269 3745 respicitur,

292 3775 370 3834 neque
384 3763 461 3831 ipsum
474 3780 517 3836 qvo
528 3779 619 3837 aquom
637 3764 670 3820 ita
681 3763 765 3830 distat,
782 3770 810 3820 ut
820 3764 931 3835 consulto
943 3765 1044 3819 alterum
1056 3777 1101 3832 pro
1111 3759 1186 3815 altero
1196 3756 1270 3812 scribi
