3050 4484
525 488 532 505 ι
643 472 767 521 sanum
784 475 859 522 vm.
876 461 901 491 -'
1190 468 1230 528 57
1285 494 1289 499 -

251 614 349 675 Solam
371 612 501 691 Eponam
523 620 552 671 et
573 611 664 673 iacies
689 610 765 673 olida
789 611 825 671 ad
847 615 1002 690 praesepia
1024 614 1125 691 pietas.

252 698 310 757 Sed
333 714 417 775 quum
438 694 598 774 pervigiles
619 695 716 773 placet
740 696 900 755 instaurare
921 698 1055 773 popinas,

253 778 362 839 Obvius
386 778 500 839 assiduo
525 778 741 857 {Syrophoenix
763 778 836 837 udus
859 796 970 837 amomo

252 856 362 937 Currit,
384 861 548 939 Idumaeae]
571 862 777 940 Syrophoenix
796 862 892 928 incola
912 871 1015 939 portae
1181 875 1232 929 16⁰
1307 927 1311 933 ,

250 945 377 1024 Hospitis
402 946 506 1005 affectu
530 945 672 1013 dominum
694 962 854 1022 regemque
876 946 991 1020 salutat,

250 1027 287 1088 lit
311 1047 374 1088 cum
396 1029 492 1089 venali
517 1025 620 1103 Cyane
637 1030 784 1089 succincta
806 1028 919 1105 lagona.

251 1110 398 1173 Defensor
420 1111 523 1189 culpae
547 1112 624 1173 dicet
647 1112 728 1171 mihi:
752 1110 886 1171 Fecimus
908 1120 937 1171 et
959 1129 1012 1170 nos

252 1194 331 1253 llaec
344 1194 732 1261 iuvenes.-Esto;desisti
754 1212 875 1273 nempe,
900 1212 956 1256 nec
977 1196 1052 1254 ultra

250 1276 361 1337 Fovisti
384 1294 523 1337 errorem.
557 1276 651 1337 Breve
674 1280 725 1353 sit,
747 1280 824 1355 quod
846 1280 968 1357 turpiter
988 1279 1093 1347 audes;
1181 1291 1229 1343 165

252 1358 398 1433 Quaedam
422 1379 485 1419 curn
508 1361 598 1438 prima
619 1370 789 1421 resecentur
811 1364 927 1421 crimina
949 1361 1054 1429 barha;

250 1442 371 1519 lndulge
393 1446 505 1505 veniam
523 1444 638 1521 pueris:
662 1443 819 1506 Lateranus
839 1446 875 1504 ad
897 1445 965 1505 illos

251 1526 436 1585 Thermarum
463 1526 572 1586 calices
596 1528 792 1605 inscriptaque
813 1528 901 1589 lintea
923 1528 1001 1587 vadit

249 1608 377 1671 Maturus
402 1609 482 1669 hello
504 1609 658 1671 Armeniae
680 1611 839 1688 Syriaeque
859 1610 972 1669 tuendis
1237 1658 1242 1665 i

250 1692 390 1753 Amnihus
414 1702 443 1751 et
464 1692 567 1753 Rheno
593 1702 679 1771 atque
699 1694 789 1761 lstro;
818 1701 969 1772 praestare
990 1692 1137 1755 Neronem
1180 1704 1230 1758 lto

251 1777 390 1835 Securum
408 1776 487 1836 valet
506 1775 580 1837 haec
597 1787 686 1841 aetas.
718 1776 800 1837 Mitte
824 1776 920 1851 Ostia,
946 1774 1064 1854 Caesar,

249 1858 346 1935 Nitte,
370 1859 422 1919 sed
441 1860 470 1919 in
486 1878 593 1937 magna
613 1861 741 1937 legatum
762 1878 870 1938 quaere
893 1862 1014 1937 popiua;

250 1941 383 2003 Invenies
408 1942 505 2021 aliquo
530 1962 592 2003 cum
616 1961 793 2021 percussore
817 1945 971 2018 iacentem,

250 2025 422 2085 Permixtum
446 2028 538 2087 nautis
563 2036 592 2085 et
615 2025 724 2085 furibus
749 2045 785 2087 ac
805 2026 943 2101 fugitivis,

250 2109 328 2169 Inter
351 2110 502 2168 carnifices
524 2117 553 2167 et
575 2108 674 2168 fabros
695 2109 907 2185 sandapilarum

251 2191 289 2251 Et
307 2193 464 2269 resupinati
491 2194 634 2253 cessantia
658 2202 792 2269 tympana
810 2190 890 2267 galli.

250 2276 353 2353 Aequa
375 2274 413 2333 ihi
434 2274 571 2349 libertas,
598 2278 755 2335 communia
779 2274 900 2352 pocula,
925 2274 1019 2333 lectus
1073 2326 1075 2329 ,

249 2357 316 2417 Non
338 2358 410 2416 alius
433 2360 579 2435 cuiquam,
601 2376 657 2417 nec
677 2375 778 2417 mensa
799 2359 936 2417 remotior
957 2356 1017 2415 ulli.

209 2504 212 2510 ,
251 2440 326 2513 Quid
348 2441 438 2501 facias
461 2440 548 2501 talem
571 2442 704 2515 sortitus,
727 2441 861 2515 Pontice,
884 2437 1018 2499 servum?

250 2524 362 2601 Nempe
389 2525 417 2583 in
437 2522 568 2583 hacanos
592 2533 640 2584 aut
663 2524 758 2584 Tusca
780 2522 926 2599 ergastula
947 2523 1051 2587 mittas.
1154 2583 1157 2595 ,
1181 2534 1238 2590 teo.

250 2606 293 2666 Al
310 2624 380 2682 vos,
405 2606 605 2683 Troiugenas,
628 2607 712 2667 vobis
735 2607 885 2683 ignoscitis
909 2615 955 2680 et,
978 2623 1052 2683 quae

251 2690 356 2767 Turpia
380 2690 515 2765 cardoni,
544 2691 673 2751 Volesos
694 2690 869 2770 Brutumque
890 2687 1043 2749 deoehuut.

294 2772 384 2848 Quid,
413 2775 436 2831 si
458 2792 609 2851 numquam
631 2775 704 2834 adeo
727 2775 821 2835 foedis
847 2772 982 2851 adeoque
1004 2771 1144 2851 pudendis

250 2854 360 2917 Utimur
381 2857 538 2935 exemplis,
560 2866 668 2917 utnon
691 2859 792 2935 peiora
806 2853 981 2933 supersint?

250 2939 434 3018 Consumptis
457 2940 560 3017 opihus
581 2948 699 3015 vocem,
723 2940 915 3017 Damasippe,
936 2939 1039 2997 locasti
1178 2948 1229 3001 185

247 3024 381 3101 Sipario,
406 3023 561 3083 clamosum
587 3041 692 3099 ageres
714 3032 743 3082 ut
766 3023 887 3083 Phasma
909 3020 1023 3081 Catulli.

246 3105 419 3165 Laureolum
441 3106 530 3167 velox
552 3108 637 3168 etiam
660 3106 735 3166 hene
756 3105 894 3165 Lentulus
917 3106 987 3181 egit,

246 3188 347 3249 Iudice
369 3206 414 3246 me
436 3188 538 3266 dignus
558 3207 628 3249 vera
649 3208 747 3249 cruce.
780 3188 844 3248 Nec
864 3196 960 3247 tamen
980 3190 1035 3266 ipsi

246 3271 388 3348 Ignoscas
412 3273 536 3348 populo:
559 3274 659 3351 populi
681 3272 761 3333 irons
784 3272 882 3331 durior
903 3269 997 3346 huius,

249 3354 305 3427 Qui
328 3352 411 3411 sedet
434 3362 463 3412 et
485 3365 598 3432 spectat
619 3357 767 3415 triscurria
787 3355 983 3433 patriciorum,
1178 3360 1228 3414 190

248 3435 420 3514 Planipedes
446 3437 523 3495 audit
541 3437 664 3515 Fabios,
688 3438 783 3499 ridere
802 3447 900 3517 potest
921 3438 970 3514 qui

248 3519 458 3597 Mamercorum
481 3520 589 3598 alapas.
625 3521 727 3595 Quanti
748 3540 800 3583 sua
821 3522 921 3583 lunera
941 3518 1076 3594 vendant,

249 3602 323 3675 Quid
346 3598 456 3661 reiert‘l
479 3604 605 3663 vendunt
625 3605 704 3665 nullo
727 3614 851 3682 cogente
873 3603 1001 3677 Nerone,

249 3684 311 3747 Nec
334 3685 463 3747 dubitant
484 3686 556 3747 celsi
578 3690 722 3764 praetoris
744 3689 873 3749 vendere
895 3685 980 3745 ludis.
