3050 4484
285 492 328 556 2⁰
465 575 471 585 1
617 506 651 551 n.
668 505 739 552 rou.
757 501 943 551 rovensem

285 645 396 720 Quales
418 653 486 703 tunc
507 644 608 723 epulas
628 646 721 724 ipsum
743 644 878 722 gluttisse
900 650 1032 720 putamus

286 727 540 805 induperatorem,
563 745 650 806 mum
676 737 719 787 tot
739 729 892 799 sestertia,
915 734 1027 803 partem

178 890 180 894 Ι
286 812 428 888 Exiguam
452 821 481 871 et
501 811 632 871 modicae
656 820 797 890 sumptam
819 811 855 869 de
877 810 1007 885 margine
1027 825 1151 884 coenae,

286 895 451 972 Purpureus
474 897 568 972 magni
591 896 711 956 ructarit
733 911 837 955 scurra-
856 893 957 967 Palati,

286 979 344 1038 lam
368 980 505 1057 princeps
528 980 671 1056 equitum,
694 996 799 1054 magna
821 978 869 1056 qui
890 993 967 1034 voee
989 975 1106 1036 solebat

286 1057 423 1122 Vendere
446 1063 605 1140 municipes
626 1063 719 1122 lracta
741 1062 779 1121 de
798 1077 899 1121 merce
920 1057 1050 1135 siluros?

287 1145 403 1223 Incipe,
427 1145 576 1223 Calliope,
599 1145 669 1204 licet
692 1155 721 1204 et
745 1145 916 1205 considere:
938 1160 996 1202 nou
1021 1153 1067 1217 est

289 1229 480 1303 Carnuntum,
504 1248 551 1288 res
574 1247 644 1287 vera
667 1231 776 1306 agitur;
800 1236 931 1301 narrate,
954 1227 1072 1305 puellae

276 1313 435 1394 ,Pierides;
458 1313 551 1389 prosit
574 1312 640 1371 mibi
661 1330 716 1370 vos
737 1313 847 1372 dixisse
871 1310 1001 1390 puellas!

213 1407 218 1426 t
332 1395 424 1469 Quum
446 1396 501 1454 iam
525 1397 719 1456 semianimum
742 1396 891 1466 laceraret⁴
909 1393 1025 1453 Flavius
1047 1393 1148 1454 orbem

287 1480 426 1554 Ultimus,
450 1488 481 1538 et
503 1479 587 1540 calvo
613 1479 738 1540 serviret
760 1479 851 1539 Roma
873 1478 993 1553 Neroni,

288 1563 389 1624 lncidit
414 1563 531 1623 Adriani
555 1559 677 1641 spatium
699 1561 868 1623 admirabile
883 1555 1002 1642 'rhombi

267 1647 365 1706 'Ante
388 1647 502 1706 domum
525 1645 664 1721 Veneris,
692 1665 776 1726 quum
797 1646 906 1716 Dorica
928 1647 1050 1704 sustinet
1071 1646 1184 1721 Ancon,

289 1731 481 1808 implevitque
507 1727 600 1797 sinus;
627 1749 682 1790 nec
705 1731 779 1790 euim
801 1733 894 1789 minor
914 1729 1049 1789 haeserat
1071 1729 1140 1805 illis,

290 1813 371 1887 Quos
387 1816 490 1893 ‚operit
511 1814 624 1890 glacies
647 1812 792 1874 Maeotica
814 1823 957 1892 ruptaque
976 1812 1092 1873 tandem

290 1897 409 1957 Solibus
433 1898 552 1957 ellundit
575 1892 712 1957 torr'entis
733 1897 770 1956 ad
793 1900 868 1957 ostia
890 1897 984 1972 Ponti,

289 1981 409 2042 Desidia
432 1980 531 2040 tardos
553 1990 582 2040 et
609 1982 698 2058 longo
721 1981 833 2058 frigore
854 1979 988 2059 pingues.

289 2064 423 2124 Destinat
444 2065 501 2123 boc
524 2075 681 2125 monstrum
703 2065 823 2140 cymbae
844 2065 953 2143 linique
974 2065 1111 2142 magister

290 2148 421 2208 Pontifici
445 2166 564 2208 summo.
611 2149 682 2223 Quis
707 2151 781 2208 enim
803 2165 971 2227 proponere
992 2149 1080 2208 talem

291 2232 349 2291 Aut
371 2251 468 2292 emere
491 2233 628 2307 auderet,
652 2251 738 2312 quum
761 2231 847 2310 plena
867 2242 896 2292 et
917 2232 1003 2292 litora
1025 2233 1115 2292 multo

290 2315 432 2375 Delatore
455 2316 572 2376 forent?
600 2318 725 2396 dispersi
747 2317 878 2395 protinus
900 2317 986 2393 algae

290 2398 480 2478 inquisitores
493 2409 615 2477 agerent
639 2418 702 2460 cum
727 2402 840 2477 remige
861 2401 950 2475 nudo,

290 2481 355 2541 Non
378 2483 530 2542 dubitaturi
556 2485 706 2561 fugitivum
727 2483 827 2543 dicere
853 2486 965 2563 piscem

290 2565 508 2643 Depastumque
531 2568 578 2626 diu
599 2570 708 2628 vivaria
731 2565 867 2636 Caesaris
890 2570 957 2628 inde

290 2648 430 2726 Elapsum
452 2657 581 2709 veterem
605 2651 641 2710 ad
663 2651 807 2710 dominum
828 2651 946 2733 debere
959 2652 1077 2710 reverti.

292 2733 322 2791 st
346 2733 413 2809 quid
434 2732 578 2809 Palfurio,
603 2735 627 2792 si
650 2729 980 2803 credimus'Armillatm

292 2815 436 2893 Quidquid
457 2819 645 2895 conspicuum
666 2816 877 2896 pulchrumque
894 2828 939 2877 est
961 2835 1090 2897 aequore
1112 2827 1186 2894 toto,
1293 2864 1296 2871 ,

291 2899 352 2960 Res
375 2900 438 2959 lisci
461 2909 522 2976 est,
545 2900 718 2979 ubicumque
741 2909 836 2960 natat:
859 2902 1012 2962 donabitur
1035 2902 1138 2979 ergo,

291 2981 336 3042 Ne
358 2992 471 3061 pereat.
517 2984 576 3044 lam
599 2986 716 3046 letilero
734 2985 863 3046 'cedente
888 2988 997 3064 pruinis

291 3067 452 3143 Autumno,
475 3070 530 3128 iam
556 3080 721 3146 quartanam
743 3070 927 3147 sperantibus
952 3070 1060 3146 aegris,

291 3151 441 3211 Stridebat
466 3152 604 3212 deformis
627 3154 718 3214 biems
741 3154 937 3232 praedamque
961 3161 1109 3213 recentem

292 3235 449 3294 Servabat:
474 3245 570 3296 tamen
592 3237 640 3297 bie
662 3247 819 3316 properat,
841 3238 922 3297 velut
942 3245 1047 3313 urgeat
1072 3244 1179 3294 aurster.

291 3317 388 3397 thue
410 3319 496 3386 flacus
519 3321 669 3396 suberant,
693 3321 741 3380 ubi
765 3337 935 3400 quamquam
957 3321 1050 3380 diruta
1072 3329 1169 3378 servat

292 3401 392 3479 lgnem
414 3403 567 3464 Troianum
592 3414 620 3464 et
641 3405 761 3464 Vestam
785 3405 854 3464 colit
879 3403 955 3464 Alba
977 3405 1127 3478 minorem,

292 3483 410 3546 Obstitit
432 3488 546 3548 intranti
568 3490 696 3548 miratrix
718 3488 802 3548 turba
824 3504 1011 3566 parumper;·

293 3567 331 3627 Ut
356 3573 460 3646 cessit,
485 3572 565 3631 facili
588 3579 741 3650 patuerunt
765 3571 882 3631 cardine
903 3572 1025 3640 valvae3

292 3650 414 3712 Exclusi
437 3664 570 3732 spectant
592 3657 716 3715 admissa
739 3655 861 3714 obsonia
884 3666 993 3734 patres.

292 3734 352 3812 Itur
375 3737 411 3797 ad
432 3737 575 3812 Atriden3
599 3748 657 3798 tum
680 3738 800 3799 Picens:
826 3739 956 3819 Accipe,
979 3740 1061 3816 dixit,
