3050 4484
299 479 338 542 18
620 495 656 541 n.
679 493 750 540 unu.
772 493 959 541 mvnunms

295 633 352 692 liat
373 649 501 711 poenas,
523 641 639 691 noctem
659 634 766 709 politur
786 632 911 708 lugentis
932 633 1055 692 amioum

295 716 429 792 Pelidae,
452 715 587 776 cubatio
610 717 731 788 taciem,
753 733 822 774 mox
839 716 943 774 deinde
963 718 1091 792 supinus.
1232 727 1287 782 nso

295 799 375 875 Ergo
398 817 456 858 non
475 799 560 859 aliter
582 801 690 876 poterit
711 796 860 857 dormire?
890 797 1066 870 Quibusdam

277 885 431 942 ·Somnum
454 884 517 942 rixa
539 883 624 942 lacit:
648 882 700 942 sed
720 885 849 958 quamvis
871 881 1020 960 improbus
1041 884 1121 943 annis

296 967 392 1045 Atque
415 985 496 1026 mero
518 967 636 1025 ferrens
656 974 741 1024 cavet
762 965 855 1039 hnnc,
878 982 964 1042 quem
986 968 1107 1028 coccina
1128 966 1211 1026 laena

294 1051 385 1109 Vitari
402 1051 481 1110 iubet
502 1059 531 1109 et
551 1051 684 1108 comitum
707 1048 894 1124 longissimus
915 1049 999 1123 ordo,

294 1133 413 1193 Multum
435 1143 589 1212 praeterea
610 1132 785 1192 flammarum
806 1141 836 1190 ct
857 1149 949 1192 aenea
971 1132 1097 1210 lampas;

294 1218 359 1292 tle,
385 1235 471 1294 quem
491 1217 556 1276 luna
579 1215 656 1274 solet
678 1215 826 1275 deducere
845 1215 895 1274 vel
914 1215 1006 1276 breve
1027 1215 1123 1277 lumen

295 1299 459 1375 Gandelae,
484 1302 564 1359 onias
587 1299 726 1376 dispenso
749 1307 779 1358 et
796 1308 930 1378 tempero
952 1298 1041 1375 illum,

295 1383 468 1444 Contemnit.
505 1382 632 1442 Miserae
654 1399 806 1459 cognosce
828 1385 978 1460 prooemia
1000 1385 1093 1458 rixae,
1139 1445 1143 1454 ,

294 1469 325 1528 Si
344 1471 407 1528 rixa
426 1477 487 1544 est,
511 1466 558 1526 ulti
581 1476 610 1526 tu
632 1466 749 1544 pulsas,
768 1483 826 1543 ego
848 1466 955 1545 vapulo
975 1475 1093 1526 tanturn.

293 1554 357 1611 Stat
379 1562 479 1612 contra
503 1553 630 1629 stumque
652 1549 747 1609 iulret:
770 1568 878 1628 parere
898 1567 1023 1610 necesse
1046 1560 1107 1618 est;
1231 1562 1287 1616 aco

292 1634 364 1694 Nem
388 1637 454 1712 quid
474 1653 565 1711 ngas,
590 1652 675 1712 qnum
697 1642 727 1692 te
748 1633 876 1692 inriosus
897 1643 986 1709 cogat
1007 1642 1037 1692 et
1055 1633 1130 1694 idem

292 1716 430 1779 Fortior?
473 1718 555 1777 Unde
577 1714 681 1776 venis?
700 1717 858 1783 exclamem
882 1719 963 1777 cuius
986 1727 1083 1792 aceto,

294 1789 383 1862 Cuius
404 1802 516 1862 conche
539 1798 653 1860 tumes?
676 1802 740 1879 qnis
762 1810 859 1860 tecum
878 1800 982 1860 sectile
1003 1818 1122 1879 porrum

294 1889 382 1947 Sutor
405 1896 434 1946 et
454 1885 522 1945 elixi
544 1887 679 1946 vervecis
702 1883 784 1944 labra
807 1881 954 1944 comedit?

292 1969 340 2029 Nil
362 1971 430 2030 milri
453 1965 638 2049 respondes?
657 1977 705 2028 ant
726 1968 774 2028 dic
796 1977 845 2027 ant
865 1969 968 2046 accipe
990 1968 1115 2029 calcem!
1230 1977 1285 2032 295

261 2091 263 2096 -
292 2053 356 2114 Ede
377 2054 426 2113 nbi
445 2055 603 2122 consistam
626 2054 655 2112 in
678 2051 734 2130 qna
756 2061 787 2112 tc
808 2069 919 2130 quaero
939 2049 1179 2130 proseucla‘l..

292 2138 400 2198 Dicere
421 2140 446 2197 si
466 2146 591 2216 temptes
612 2136 720 2214 aliquid
741 2137 885 2196 tacitusve
906 2136 1054 2212 recedas,-

267 2222 480 2282 ''lantumdem
503 2231 563 2285 est:
586 2222 693 2280 feriunt
716 2221 842 2298 pariter,
865 2219 1028 2280 vadimonia
1048 2219 1153 2280 deinde

244 2368 246 2373 ,
293 2307 360 2364 lrati
382 2307 503 2374 iaciunt;
525 2305 646 2366 libertas
669 2305 805 2382 pauperis
828 2303 903 2363 hacc
924 2312 985 2363 est:

292 2390 426 2449 Pulsatus
448 2399 534 2466 rogat
554 2398 583 2448 et
605 2389 719 2467 pugnis
732 2389 868 2448 concisos
884 2387 997 2462 adorat,
1229 2396 1285 2450 ³00

293 2473 330 2531 Ut
351 2473 438 2532 liceat
458 2475 559 2551 paucis
582 2491 646 2532 com
665 2471 799 2532 dentibus
820 2471 887 2531 inde
908 2472 1027 2530 reverti.

292 2555 355 2614 Neo
372 2566 467 2616 tamen
488 2557 562 2616 haec
585 2565 691 2615 tantum
712 2565 838 2623 metuas:
860 2573 925 2616 nam
946 2555 995 2632 qni
1016 2554 1126 2632 spoliet
1147 2563 1177 2614 te

292 2638 358 2697 Non
380 2639 490 2714 deerit,
514 2639 621 2698 clausis
644 2639 777 2698 domibus
796 2647 952 2716 postquam
974 2639 1065 2698 omnis
1085 2637 1192 2716 ubique

292 2721 364 2781 Fixa
389 2731 539 2782 catenatae
562 2722 640 2781 siluit
662 2738 807 2798 compago
825 2721 977 2782 tabernae.

293 2805 437 2865 Interdum
460 2816 489 2865 et
508 2805 723 2865 lerrosnbitus
742 2813 894 2881 grassator
915 2807 974 2884 agit
995 2823 1072 2865 rem:
1170 2821 1182 2832 ‘
1229 2813 1284 2866 atti»

257 2929 259 2934 ,
294 2890 412 2948 Armato
435 2892 551 2968 quoties
572 2899 650 2950 tntae
669 2890 791 2949 custode
810 2899 945 2950 tenentur

293 2973 330 3032 lit
349 2973 498 3052 Pomptina
518 2973 602 3053 palus
626 2983 655 3034 et
675 2972 831 3034 Gallinaria
852 2975 948 3052 pinus,
1033 2988 1037 2994 ’

176 3061 184 3078 ’
294 3057 344 3117 Sic
366 3057 432 3116 inde
451 3059 508 3119 hnc
530 3075 631 3117 omncs
653 3067 796 3135 tamquam
816 3058 852 3117 ad
871 3058 981 3117 vivaria
1004 3064 1130 3119 currunt.

295 3140 358 3214 Qua
378 3141 499 3203 fornace
521 3159 644 3218 graves,
666 3160 723 3220 qua
745 3157 803 3200 non
823 3141 927 3201 incude
945 3135 1087 3199 catenae?

294 3224 433 3285 Maximus
455 3227 484 3284 in
504 3225 609 3285 vinclis
628 3226 699 3284 ferri
719 3225 839 3300 modos,
858 3234 889 3282 nt
908 3226 1029 3295 timeas,
1051 3239 1089 3280 ne
1231 3231 1285 3284 31⁰

294 3309 405 3369 Vomer
427 3309 559 3384 deficiat,
580 3327 618 3368 ne
635 3327 747 3370 marrae
770 3317 800 3368 et
820 3307 935 3367 sarcula
956 3306 1061 3366 desint

293 3391 410 3453 Felices
434 3410 608 3472 proavorum
631 3401 750 3466 atavos,
772 3391 871 3450 felicia
891 3389 972 3450 dicas

295 3477 419 3553 Secula,
444 3493 518 3555 quae
541 3477 685 3556 quondam
702 3476 756 3558 snb
778 3473 897 3550 regibus
918 3482 1005 3551 atque
1026 3471 1147 3532 tribunis

295 3559 437 3620 Viderunt
458 3578 514 3620 uno
537 3569 701 3620 contentam
722 3576 843 3618 carcere
865 3557 997 3617 Romam.
1068 3611 1072 3616 .

337 3643 388 3703 llis
408 3643 480 3704 alias
502 3653 634 3723 poteram
657 3652 687 3703 et
709 3643 811 3721 plures
832 3641 1007 3702 subnectere
1029 3657 1147 3700 causas:
1235 3648 1285 3700 315

296 3728 356 3790 Sed
378 3729 502 3789 iumenta
522 3735 645 3804 vocant,
669 3736 699 3788 et
717 3725 765 3786 sol
785 3725 917 3796 inclinat;
938 3723 1061 3785 eundum
1084 3730 1139 3784 est.
