3050 4484
288 457 326 509 vr
666 410 874 506 recursum.
963 417 968 437 '

288 605 344 664 ianm
361 609 454 660 tantum
472 608 555 658 contra
565 602 729 658 Domitianum
745 616 857 674 pugnans
871 600 952 658 locum
964 602 1028 658 exilii
1038 601 1130 658 definiri
1141 621 1213 675 posse
1223 607 1266 662 de-

287 689 406 759 speravit;
419 687 488 741 mitto
498 687 570 741 etiam
580 686 737 759 leclrerum,
750 687 790 757 qui
802 686 916 742 inlibelfo
928 687 1041 757 inscripto
1053 688 1158 752 Juvenal.
1170 691 1209 746 ein
1220 690 1266 746 be·

279 773 360 830 bere
376 774 425 832 und
437 769 617 826 Charakterbild
628 784 670 825 nus
686 771 729 826 der
746 770 883 824 rdmiscbeu
891 771 1038 834 Kaiserzeit‚
1056 771 1177 828 Elberfeld
1188 777 1264 832 1851.

289 861 314 926 8,
326 872 350 926 p.
364 860 415 914 102
425 853 590 924 sqq.,enndem
601 853 727 910 Traianum
738 869 795 908 cum
806 854 918 926 Aegypto
928 855 1032 909 retinens
1043 855 1196 912 nibilominus
1207 873 1265 926 poe·

288 947 339 996 tam
349 939 437 994 nescio
445 938 539 1008 quando
550 938 575 992 iu
585 935 669 1002 urbem
680 951 803 992 reversum
812 939 928 1009 reliquam
938 939 1011 994 vitam
1021 941 1046 994 in
1059 939 1188 995 Tiburtinis
1197 955 1266 1010 pmc-

288 1025 333 1080 diis
351 1022 447 1093 degisse
462 1022 558 1086 statuit,
577 1037 664 1092 nempe
674 1023 743 1078 venia
759 1022 789 1077 ab
800 1023 944 1092 imperatore
954 1031 1052 1093 accepta
1068 1024 1266 1096 reconciliataque

224 1101 226 1119 '
287 1107 381 1180 gratia,
400 1107 468 1160 curius
478 1105 693 1178 reinerestigium
704 1106 801 1178 quidem
818 1107 880 1176 apud
892 1113 984 1162 veteres
995 1114 1105 1162 auctores
1115 1114 1206 1169 exstat:
1223 1107 1266 1162 sed

288 1207 319 1246 ne
329 1179 501 1261 Hertzbergius
521 1190 631 1260 quidem,
651 1191 692 1260 qui
709 1191 734 1246 in
745 1189 922 1245 Schneidewini
933 1189 1060 1262 Philologo
1077 1191 1104 1246 Τ.
1117 1191 1153 1255 11,
1169 1207 1194 1260 p.
1213 1193 1265 1249 579

288 1276 403 1346 reliquam
415 1280 521 1328 nostran
532 1273 717 1343 disputationem
728 1289 827 1328 assensn
837 1287 883 1328 suo
893 1275 1009 1344 probauit,
1020 1277 1156 1346 Aegyptum
1163 1275 1266 1330 abiicere
1351 1347 1352 1351 Ἰ
1404 1308 1405 1339 ;

288 1375 361 1414 ausus
374 1363 421 1421 est,
434 1372 480 1411 nec
490 1357 658 1429 Bernhardyus
669 1357 796 1414 Gruudriss
813 1358 856 1412 der
866 1366 926 1413 rdm.
939 1358 987 1413 bit.
1000 1374 1024 1428 p·
1037 1362 1111 1416 bola
1123 1366 1203 1414 vetere
1213 1358 1266 1428 opi·

288 1444 360 1500 niune
369 1442 485 1507 discessit,
498 1443 522 1496 in
537 1457 584 1512 que
596 1442 654 1496 illud
665 1443 769 1496 manime
780 1443 861 1507 miror,
873 1443 938 1513 quod
948 1443 989 1513 qui
1005 1451 1110 1497 nostram
1122 1444 1266 1498 sententiani

244 1545 247 1562 ·
287 1520 578 1583 historicis'fundamentis
589 1539 670 1582 carere
681 1533 768 1598 negat,
786 1525 853 1581 nullo
864 1533 963 1580 auctore
976 1525 1120 1584 Hadrianum
1132 1544 1145 1580 a
1156 1526 1266 1582 quenale

289 1601 407 1667 offensum
418 1623 471 1662 esse
481 1623 576 1664 namare
587 1626 635 1664 non
653 1609 753 1664 dubitat.
777 1609 809 1663 Et
821 1609 993 1681 Hertzbergius
1006 1611 1100 1681 pridem
1112 1607 1265 1665 Caledoniam

287 1695 374 1750 eedem
389 1699 531 1766 argumento
542 1693 683 1764 impugnat,
704 1710 752 1764 qun
769 1694 817 1747 iam
827 1693 962 1748 Diintrems
979 1695 1003 1748 in
1014 1694 1087 1748 labrrii
1098 1694 1185 1748 trebir
1197 1697 1266 1750 1840

289 1779 317 1832 Τ,
329 1777 367 1844 Vl,
379 1793 404 1846 p.
418 1777 470 1832 374
481 1793 532 1848 sqq.
546 1777 663 1848 confugit,
675 1777 716 1831 ubi
729 1793 803 1848 quum
815 1778 913 1833 omniuo
924 1778 1041 1832 luvenalis
1051 1778 1149 1832 exilium
1159 1794 1173 1831 a
1184 1792 1266 1849 gram

288 1862 382 1916 matieis
393 1875 423 1914 ex
440 1859 500 1914 loeis
517 1868 604 1930 poetae
620 1861 682 1915 male
698 1861 827 1916 intellectis
836 1861 920 1916 fictum
930 1877 984 1917 esse
994 1863 1136 1925 contendat,
1155 1860 1265 1916 Scolicae
1353 1890 1355 1893 ·

288 1959 384 2016 quoqne
395 1944 492 1998 militiae
503 1943 591 1998 famam
602 1960 633 1998 ex
642 1944 691 1999 Sat.
704 1945 739 1998 ll.
751 1947 906 2002 159÷161
920 1946 1038 2018 originem
1054 1947 1150 2002 duxisse
1159 1946 1265 2015 suspica-

287 2037 339 2090 tum
358 2028 415 2082 huie
425 2035 505 2103 tamen
522 2029 586 2099 quod
600 2029 631 2082 de
641 2029 752 2100 Aegypto
769 2026 871 2098 libenter
887 2029 1007 2093 concedo,
1023 2045 1096 2101 quam
1112 2031 1153 2101 qui
1169 2022 1266 2099 poetam

288 2113 374 2168 adiisse
385 2113 409 2166 in
420 2113 492 2166 salira
501 2112 546 2166 sub
560 2113 638 2182 ipsum
648 2113 711 2166 vitae
720 2109 793 2170 linem
808 2115 899 2183 scripta
912 2113 1023 2184 legisset.
1032 2113 1128 2168 ibidem
1140 2129 1197 2167 eum
1207 2129 1266 2168 enu-

288 2198 350 2252 lasse
363 2195 434 2252 facile
445 2191 551 2268 collegit,
563 2195 588 2250 id
599 2197 622 2252 in
634 2196 758 2252 lubemem
768 2204 793 2250 et
805 2195 909 2252 Orcadas
920 2197 1005 2253 cadere
1015 2212 1112 2266 prorsus
1122 2211 1195 2268 nego,
1207 2211 1266 2267 quas

288 2295 366 2352 neque
376 2280 473 2334 easdem
487 2296 546 2356 ¹cum
559 2278 641 2336 Sectis
661 2281 834 2352 grammaticus
850 2280 939 2336 babere
954 2287 1049 2350 poterat
1063 2294 1142 2352 neopre
1151 2281 1184 2335 ita
1195 2286 1266 2350 poeta

288 2371 413 2428 memorat
425 2372 539 2420 utcorem
549 2365 594 2420 sibi
606 2371 675 2420 notas
686 2364 820 2436 significem
831 2365 882 2419 siue
891 2363 1179 2422 mnbnmmbonoornm
1188 2371 1266 2418 metes
1289 2408 1294 2416 .

221 2471 224 2474 ·
288 2451 367 2519 ipsum
377 2449 465 2504 vidisse
480 2449 535 2503 inde
547 2449 661 2520 colligere
681 2449 750 2513 lieet,
766 2449 851 2503 eodem
867 2449 1012 2515 cerisium,
1028 2465 1076 2520 quo
1095 2448 1267 2519 lierfzbergius

288 2533 459 2604 Aegyptiarum
471 2540 556 2602 poetae
567 2533 784 2604 peregrinationem
795 2533 826 2586 ad
836 2533 901 2586 exilii
912 2533 964 2586 eius
974 2532 1175 2602 significationem
1186 2533 1266 2586 deter-

288 2617 331 2681 sit,
349 2617 395 2669 iter
406 2615 569 2670 Britannicum
580 2617 605 2670 in
617 2615 727 2670 Scofieae
739 2616 839 2670 militiae
850 2612 1016 2689 testimoniium
1026 2615 1199 2670 adhibebimus.
1225 2615 1267 2668 Hi·

287 2700 403 2754 storicum
415 2705 494 2759 nortem
511 2696 582 2754 huius
598 2700 780 2768 fundamentum
796 2699 836 2770 qui
847 2699 979 2766 desiderat,
998 2699 1102 2754 solidum
1119 2715 1148 2752 nc
1158 2704 1267 2768 paratum

288 2783 392 2838 inveniet
403 2783 427 2840 iu
443 2783 513 2838 tit-ulo
524 2785 610 2854 Aquini
625 2785 650 2838 in
668 2785 725 2853 ipsa¹
735 2783 852 2838 luvenalis
866 2783 943 2853 patria
957 2789 1066 2852 reperto,
1084 2784 1197 2852 iu‘quem
1217 2783 1266 2836 iam

288 2867 421 2938 Pinzgerus
432 2867 456 2921 in
468 2866 568 2938 prem.
583 2869 644 2922 liter.
665 2867 758 2928 feners.
773 2869 841 2926 1823
852 2867 882 2921 N.
894 2860 932 2923 Ι13
944 2867 1092 2921 eruditorum
1102 2866 1195 2920 animos
1206 2881 1266 2919 con·

281 2952 366 3013 ‚vertit
379 2951 463 3006 eodem
475 2955 554 3006 timeri
566 2967 637 3006 nemo
652 2967 710 3006 usus
721 2959 760 3005 est
770 2958 863 3022 pmeter
873 2950 994 3006 Bauemm
1003 2950 1029 3004 iu
1039 2950 1120 3005 libello
1132 2950 1172 3020 qui
1183 2950 1267 3004 inseri-

288 3035 353 3090 bitur
369 3034 487 3090 Krifische
497 3035 684 3107 Bemerltuugen
696 3035 760 3092 iiber
776 3036 861 3108 einige
877 3034 1038 3109 Naehriebten
1054 3050 1097 3088 aus
1113 3034 1170 3088 dem
1185 3032 1267 3086 Leben

288 3119 412 3182 iuvencis,
429 3117 591 3192 Regensburg
608 3123 685 3177 1833.
701 3123 732 3183 8,
750 3131 775 3190 p.
789 3122 847 3181 28;¹
857 3119 925 3190 isque
935 3133 1009 3189 quum
1025 3118 1170 3173 inuniversa
1181 3125 1268 3187 poetae

287 3205 336 3258 vita
355 3203 510 3258 describenda
525 3211 576 3258 tum
593 3205 617 3258 in
634 3203 681 3258 hoe
694 3203 774 3274 lepide
789 3203 821 3258 ila
830 3218 852 3256 -a
870 3218 927 3258 vero
938 3202 1068 3268 aberrauit,
1087 3208 1115 3256 ut
1124 3217 1196 3272 quem
1207 3200 1268 3255 Dici

291 3287 433 3358 Vespasiani
448 3287 570 3342 flaminem
585 3287 699 3358 perscribi
714 3289 833 3360 legimus,
855 3301 910 3341 eum
921 3285 965 3341 sub
976 3285 1119 3356 Vespasiano
1135 3285 1173 3340 bis
1190 3285 1268 3340 flami·

288 3378 344 3426 nem
355 3372 428 3426 fnisse
438 3379 543 3426 narraret
554 3387 630 3443 eoque
643 3372 707 3427 facto
719 3371 869 3437 Iuvenalem,
886 3385 963 3441 quem
974 3385 996 3424 a.
1011 3373 1047 3427 et
1057 3386 1082 3440 p.
1093 3370 1150 3425 Chr.
1162 3369 1207 3423 sub
1218 3369 1268 3422 Dn-

288 3455 387 3509 mitinno
399 3455 526 3510 stationem
537 3456 562 3509 in
569 3457 678 3526 Aegypto
690 3455 845 3510 habuissees
855 3469 926 3524 praru
932 3453 985 3508 Sat.
992 3453 1043 3508 XV.
1049 3453 1152 3509 lectione
1163 3452 1268 3506 somnia·

288 3539 334 3600 vit,
347 3539 401 3608 quia
418 3541 465 3592 iarn
476 3541 529 3594 viro
548 3539 618 3594 buius
635 3545 702 3608 patre
718 3541 813 3595 cohorti
827 3538 990 3602 Delmatarum
1005 3539 1158 3608 praefuisset,
1176 3534 1213 3588 vel
1230 3534 1268 3588 bis

289 3621 742 3696 militiafuncfnmstatuerecngeretur.
763 3623 812 3679 Sed
822 3621 1070 3678 basballueinationes
1078 3619 1149 3674 verbo
1157 3617 1268 3689 attigime

289 3705 406 3760 sufficiat:
425 3707 500 3774 ipsius
508 3707 582 3772 tituli,
596 3723 668 3780 quem
677 3715 732 3778 post
746 3705 877 3764 Orlandum
888 3706 993 3778 aliosque
1004 3703 1181 3761 accuratissime
1190 3716 1267 3773 nuper
