3050 4484
281 469 330 530 26.
610 481 646 528 n.
669 479 739 527 mn.
763 479 954 557 romanum

280 620 396 682 Instruit
419 635 491 696 ergo
513 619 610 680 iocum
632 621 798 698 provincia:
822 622 943 681 sumitur
961 621 1052 682 illinc

280 705 366 778 Quod
390 713 523 781 captator
544 703 754 780 enutrieras,
768 703 887 764 Aurelia
909 706 1026 765 vendat.
1100 770 1105 779 ,

279 787 395 847 Virroni
417 806 552 848 muraena
575 787 676 862 datur,
703 789 780 868 qnae
800 789 923 848 maxima
943 791 1024 848 venit

280 871 399 948 Gurgite
422 872 458 930 de
481 871 604 938 Siculo.;¹
619 889 684 930 nam
707 873 773 930 dum
795 890 829 930 se
851 873 981 932 continet
1004 872 1122 949 Auster,

278 955 353 1015 Dum
377 953 462 1014 sedet
484 965 514 1014 et
536 957 627 1016 siccat
648 955 777 1024 madidas
799 957 828 1013 in
849 960 971 1016 'carcere
994 958 1106 1035 pinnas,

279 1036 471 1110 Contemnunt
493 1039 616 1100 mediam
634 1023 791 1098 'temeraria
814 1039 871 1100 lina
893 1037 1082 1115 Charybdim:

279 1123 341 1182 Vos
363 1123 489 1199 anguilla
512 1132 609 1181 manet
629 1123 737 1198 longae
758 1132 883 1199 cognata
906 1123 1058 1200 colubrae,

279 1207 337 1266 Aut
359 1206 456 1284 glacie
478 1225 616 1284 aspersus
640 1207 761 1265 maculis
784 1206 938 1266 Tiberinus
961 1211 1076 1286 etipse

278 1291 407 1350 Vernula
429 1292 571 1368 riparum,
596 1291 711 1368 pinguis
738 1300 870 1350 torrente
892 1291 995 1351 cloaca
1080 1340 1082 1343 .

277 1374 316 1436 Et
338 1374 442 1433 solitus
464 1373 579 1434 mediae
604 1381 736 1452 cryptam
757 1383 915 1452 penetrare
940 1375 1083 1436 Suburae.

113 1535 115 1542 y
215 1451 220 1470 ‘
321 1458 380 1537 Ipsi
406 1476 499 1536 panca
519 1457 622 1532 velim,
647 1457 772 1517 facilem,
788 1459 812 1516 si
833 1458 977 1536 praebeat
999 1477 1113 1519 aurem:

276 1542 370 1602 Nemo
393 1543 481 1620 petit,
505 1541 626 1602 modicis
651 1559 725 1620 quae
748 1542 935 1612 mittebantur
956 1545 1075 1603 amicis-

277 1627 460 1700 ASeneca,
485 1643 559 1704 quae
584 1625 650 1684 Piso
673 1625 783 1700 bonus,
808 1644 883 1704 qnae
908 1624 994 1686 Cotta
1018 1626 1135 1691 solebat
1229 1656 1242 1682 ο

277 1709 404 1786 Largiri;
431 1727 554 1786 namque
580 1718 609 1767 et
630 1709 719 1770 titulis
743 1719 773 1769 et
794 1710 923 1770 fascibus
946 1711 1015 1770 olim

277 1793 370 1852 lllaior
392 1791 554 1852 habebatur
576 1791 699 1852 donandi
725 1793 835 1869 gloria:
860 1793 954 1853 solnm

277 1877 444 1952 Posuimus,
469 1884 497 1934 ut
521 1893 631 1936 coenes
654 1877 803 1943 civiliter3·
839 1877 897 1937 hoc
919 1879 987 1938 iace
1009 1887 1039 1937 et
1062 1887 1138 1953 esto,

277 1959 366 2036 lietu,
390 1969 421 2019 ut
442 1977 518 2018 nunc
539 1959 636 2035 multi,
660 1960 742 2019 dives
765 1960 832 2035 tibi,
854 1978 969 2040 pauper
993 1961 1109 2021 amicis!

320 2045 442 2104 Anseris
467 2053 533 2103 ante
556 2045 650 2122 ipsum
670 2048 768 2122 magni
788 2046 887 2121 iecur,
911 2046 1063 2105 anseribus
1085 2051 1144 2130 par.

279 2129 376 2188 Altilis
400 2137 430 2188 et
450 2127 518 2188 ssavi
540 2127 642 2204 dignus
664 2128 744 2188 lerro
767 2128 910 2206 Meleagri

276 2213 379 2272 Fumat
399 2229 485 2290 aper;
510 2211 677 2290 posthunc
699 2213 849 2272 tradentur
870 2213 991 2289 tubera,
1013 2214 1038 2272 si
1058 2228 1113 2272 ver

278 2297 360 2356 'lunc
384 2298 439 2356 erit
475 2305 504 2355 et
534 2297 642 2355 facient
663 2305 762 2374 optata
783 2298 907 2357 tonitrua
933 2315 1042 2357 coenas

277 2379 415 2441 Maiores.
460 2378 526 2438 'libi
547 2379 623 2439 habe
647 2380 834 2456 frumentum,
859 2381 1117 2458 Allediusinquit,

279 2465 302 2524 0
323 2463 427 2538 Libye;
453 2463 585 2540 disiunge
608 2464 720 2538 boves,
745 2465 811 2524 dum
832 2465 936 2525 tubera
958 2465 1146 2525 mittasl-'

278 2549 459 2608 Structorem
482 2549 610 2632 ipterea,
633 2566 670 2606 ne
693 2566 748 2625 qna
773 2548 930 2624 indignatio
952 2549 1039 2625 desit,
1080 2584 1083 2588 >

277 2631 436 2692 saltantem
458 2639 577 2708 spectes
597 2641 627 2690 et
648 2631 864 2690 chironomunta
885 2632 996 2691 volanti

278 2714 428 2790 Cultcllo,
455 2714 550 2774 donec
573 2723 695 2792 peragat
717 2715 824 2774 dictata
844 2717 976 2792 magistri

277 2799 394 2866 Omnia;
416 2817 472 2857 nec
494 2799 609 2856 minimo
632 2817 703 2858 sane
725 2798 890 2858 discrimine
911 2799 1015 2875 refert,

278 2883 343 2956 Quo
364 2892 450 2959 gestu
471 2882 592 2960 lepores
616 2891 645 2941 ct
668 2899 724 2960 quo
747 2883 855 2960 gallina
877 2893 1004 2944 secetur.
1091 2915 1094 2920 ·

276 2966 402 3027 Duceris
424 2966 539 3045 planta,
560 2965 642 3026 velut
664 2969 739 3026 ictus
762 2967 798 3026 ab
816 2967 949 3028 llercnle
970 2966 1075 3042 (lacus,
1217 2975 1268 3028 lat

276 3049 314 3110 Et
335 3067 447 3128 ponere
469 3051 558 3126 loris,
586 3053 610 3110 si
633 3051 700 3129 qnid
724 3054 913 3130 temptaveris
936 3069 1070 3128 umquam

275 3133 414 3218 Hiscere,
436 3145 580 3213 tamqnam
599 3134 710 3194 habeas
735 3137 789 3195 tria
808 3138 932 3195 nomina.
978 3133 1099 3208 Quando
1121 3134 1257 3212 propinat

275 3218 362 3278 Virro
385 3219 437 3278 tibi
462 3219 584 3278 sumitve
606 3220 663 3278 tuis
687 3229 819 3280 contacta
840 3220 956 3279 labellis

276 3300 407 3362 Pocula?
431 3305 495 3382 quis
516 3311 644 3362 vestrum
667 3306 840 3364 temerarius
860 3321 954 3380 usque
975 3301 1067 3378 adeo,
1091 3305 1155 3381 quis

276 3386 426 3462 Perditus,
452 3395 482 3446 ut
504 3387 580 3446 dicat
603 3389 682 3464 regi:
705 3385 797 3446 bihel
840 3385 1065 3461 Plurimasunt,
1090 3405 1165 3464 qnae
1215 3395 1269 3450 130
1292 3406 1296 3411 ·

275 3469 341 3529 Non
363 3471 470 3532 audent
492 3464 625 3530 homines
645 3480 764 3548 pertusa
786 3471 887 3529 dicere
909 3469 1010 3539 laona;

276 3552 493 3632 Quadringenta
512 3553 564 3614 tihi
586 3556 611 3614 si
635 3555 699 3632 quis
721 3553 794 3613 deus
816 3562 866 3612 aut
886 3554 987 3615 similis
1008 3554 1053 3614 dis

275 3635 313 3696 Et
336 3637 439 3697 melior
462 3639 529 3698 latis
551 3637 673 3698 donaret
691 3636 861 3713 homuncio,
889 3647 1013 3718 quantus

275 3719 321 3780 Ex
344 3721 452 3797 nihilo,
476 3730 598 3798 quantus
622 3721 709 3781 fieres
732 3721 875 3782 Virronis·
890 3721 1034 3782 amicus!-

275 3804 320 3864 Da
342 3803 464 3864 Trebio!
488 3821 568 3884 pone
586 3805 623 3865 ad
644 3801 794 3866 Trebium!
816 3807 861 3865 vis
883 3807 973 3865 frater
992 3806 1028 3865 ab
1049 3805 1120 3883 ipsis
1216 3814 1267 3869 135
