3050 4484
158 450 168 515 ,¹
297 460 338 524 56
639 473 979 524 D.1tttt.tttvttrtsu18

296 615 409 690 Quanta
431 622 526 675 autem
549 614 614 675 inde
640 616 721 675 feres
742 622 799 673 tam
820 613 901 673 dirue
923 615 1051 690 praemia
1073 617 1188 696 culpae,

296 699 389 773 Quum
409 708 512 763 tenues
535 717 628 777 nuper
648 698 947 759 Nerius-discinxerit
966 696 1076 758 Afros‘l
1230 714 1284 770 ιω

296 780 460 842 Curandum
481 782 509 841 in
532 784 646 859 primis,
671 800 707 840 ne
732 800 836 858 magna
859 782 961 840 iniuria
983 781 1033 840 liat

294 865 431 927 Fortibus
450 856 480 924 e't
495 866 618 925 miseris.
649 864 749 925 'iollas
770 865 840 925 licet
857 881 941 924 omne
963 866 1041 941 quod
1059 884 1179 944 usquam
1204 876 1250 927 est

295 950 366 1009 Auri
389 958 476 1026 atque
502 950 634 1026 argenti,
661 957 772 1007 scutum
792 949 978 1025 gladiumque
1000 949 1149 1028 relinques

294 1033 332 1095 Et
353 1032 476 1093 iaculum
502 1042 537 1092 et
553 1034 682 1109 galeam:
709 1032 841 1109 spoliatis
864 1050 942 1091 arma
967 1044 1130 1110 supersunt.

295 1116 381 1190 Quod
407 1116 493 1185 modo
517 1117 673 1194 proposui,
696 1132 753 1175 non
776 1124 822 1175 est
844 1117 1000 1182 sementim
1024 1135 1131 1177 verum
1146 1127 1205 1185 est;
1230 1129 1282 1181 125

295 1199 413 1261 Credite
435 1218 481 1261 me
507 1200 592 1259 vobis
614 1198 715 1259 lolium
736 1200 862 1259 recitare
884 1198 1026 1273 Sibyllae.

294 1284 325 1345 Si
350 1283 402 1343 tibi
426 1292 524 1343 sancta
548 1282 655 1343 cohors
682 1284 832 1357 comitum,
857 1285 881 1342 si
902 1300 987 1352 nemo
1010 1284 1134 1344 tribunal

292 1368 400 1427 Vendit
428 1384 648 1441 aoersecomes‚
677 1368 701 1425 si
724 1367 835 1444 nullum¹
856 1369 884 1425 in
906 1368 1031 1443 coniuge
1056 1370 1175 1444 crimen,

293 1452 358 1513 Nec
381 1469 435 1529 per
457 1448 616 1529 conuentus
639 1460 668 1511 et
691 1460 793 1510 cuncta
816 1468 871 1529 per
892 1451 999 1529 oppida
1021 1454 1118 1511 curvis

293 1534 443 1611 Unguibus
466 1536 508 1593 ire
534 1544 615 1613 purat
636 1552 766 1595 nummos
787 1544 904 1613 raptura
927 1531 1072 1595 Celaeno:
1227 1544 1282 1596 teo

295 1620 336 1679 Tu
359 1619 429 1677 licet
451 1637 467 1679 a
494 1618 564 1677 Pico
589 1636 724 1678 numeres
746 1620 855 1695 genus,
884 1618 1000 1695 altaque
1022 1620 1099 1677 site

294 1702 416 1762 Nomina
442 1702 604 1775 delectant,
628 1719 742 1761 ornnem
766 1701 896 1761 Titanida
919 1719 1043 1778 pugnam

293 1786 372 1845 lnter
399 1785 525 1845 maiores
551 1786 703 1862 ipsumque
727 1784 899 1848 Promethea
922 1801 1029 1862 ponas:

294 1869 339 1929 De
363 1884 545 1946 quocumque
568 1868 653 1929 voles
676 1885 815 1946 proavum
840 1868 890 1927 tibi
913 1870 1016 1928 sumito
1040 1868 1125 1929 libro.

295 1952 427 2026 Quodsi
452 1951 642 2029 praecipitem
667 1953 742 2030 rapit
767 1951 884 2012 ambitio
913 1960 1000 2030 atque
1022 1952 1134 2026 libido‚.
1228 1944 1279 2013 135

295 2036 326 2096 Si
348 2035 459 2111 frangis
481 2036 579 2111 virgas
602 2037 747 2095 sociorum
769 2037 798 2116 in
821 2038 976 2113 sanguine,
999 2036 1025 2094 si
1046 2044 1076 2095 te

295 2119 451 2179 Delectant
473 2118 596 2179 hebetes
620 2119 698 2179 lasso
724 2120 828 2179 lictore
853 2137 991 2179 secures:

295 2202 398 2281 Incipit
421 2204 550 2281 ipsorum
568 2212 667 2263 contra
693 2213 823 2264 testare
846 2212 996 2280 parentum

295 2286 438 2345 Nobilitas
463 2286 626 2364 claramque
651 2287 744 2346 lacem
767 2286 919 2364 praeferre
943 2285 1094 2363 pudendis.

297 2368 387 2448 Omne
410 2370 493 2429 animi
518 2370 616 2429 vitium
639 2378 717 2431 tanto
740 2371 928 2449 conspectius
948 2372 978 2427 in
999 2388 1032 2428 se
1168 2419 1171 2428 .
1205 2443 1211 2455 „

298 2450 413 2512 Crimen
437 2452 541 2527 habet,
564 2464 669 2532 quanto
693 2456 785 2538 maior
806 2456 854 2533 qui
877 2462 982 2532 peccat
1007 2452 1140 2513 babetur.

297 2536 361 2609 Quo
384 2537 451 2595 milri
471 2545 500 2595 te
522 2537 637 2595 solitum
659 2538 748 2599 ialsas
773 2539 888 2613 signare
910 2536 1034 2597 tabellas

295 2618 328 2678 ln
355 2620 485 2697 templis,
516 2638 589 2698 quae
616 2620 684 2681 fecit
706 2640 793 2695 avus,
820 2630 1000 2699 statuamque
1022 2620 1151 2699 parentis

295 2702 617 2779 Antertriumphulem‘l
641 2722 714 2781 quo,
738 2706 763 2763 si
788 2713 943 2764 nocturnus
966 2704 1078 2763 adulter

295 2784 440 2863 Tempora
462 2784 618 2847 Santonico
645 2788 727 2847 velas
752 2788 892 2866 adoperta
916 2784 1053 2848 cucullo?
1228 2780 1287 2848 145'

337 2868 457 2929 Praeter
479 2871 618 2930 maiorum
644 2873 756 2931 cineres
782 2881 867 2949 atque
891 2888 959 2934 ossa
981 2870 1094 2931 volucri
1257 2871 1262 2878 '

293 2950 441 3029 Carpento
467 2955 575 3037 rapitur
599 2956 712 3033 pinguis
734 2954 910 3032 Lateranus,
938 2965 967 3015 et
991 2958 1073 3034 ipse,

295 3034 362 3113 lpse
388 3044 480 3097 rotam
504 3039 635 3114 astringit
658 3039 747 3099 multo
772 3039 932 3100 sufflamine
959 3038 1070 3112 consul,

295 3118 389 3179 Nocte
417 3120 547 3197 quidem;
575 3123 627 3183 sed
649 3122 714 3183 luna
735 3124 833 3198 videt,
857 3125 910 3184 sed
932 3123 1028 3183 sidera
1050 3129 1142 3181 testes
1180 3171 1182 3174 .

294 3200 447 3263 Intendunt
469 3204 580 3264 oculos.
617 3204 737 3266 Finitnm
760 3216 874 3285 tempus
897 3207 1017 3266 honoris
1079 3246 1081 3250 -

296 3285 388 3359 Quum
410 3287 513 3362 luerit,
540 3287 619 3349 clara
642 3288 800 3350 Lateranus
827 3290 893 3349 luce
917 3288 1065 3365 flagellum

296 3370 395 3429 Sumet
416 3379 446 3429 et
467 3387 619 3431 occursum
640 3391 792 3451 numquam
812 3372 967 3450 trepidabit
988 3373 1072 3432 amici

295 3449 355 3513 lam
377 3454 471 3529 senis,
497 3472 532 3514 ac
555 3456 636 3531 virga
658 3458 738 3534 prior
760 3464 865 3516 annuet
890 3465 975 3534 atque
997 3456 1140 3535 maniplos

297 3535 400 3607 Solvet
421 3545 451 3595 et
475 3536 603 3597 infundet
626 3540 757 3599 iumentis
780 3539 891 3599 hordea
912 3540 1007 3600 lassis.

296 3616 428 3693 Interea,
455 3619 519 3681 dum
542 3621 652 3682 lunatas
675 3621 836 3701 robumque
859 3624 1010 3682 iuvencum

299 3699 382 3762 lllore
403 3700 512 3765 Numae
536 3704 630 3765 caedit
651 3704 729 3767 lovis
753 3707 959 3774 antealtaria,
985 3708 1059 3767 iurat
