3050 4484
635 452 841 514 assuras-ut
884 494 887 501 a

252 593 374 666 Ostrea,
400 592 529 656 callebat.
546 591 981 672 primosdepreuderemorstm
1004 602 1008 610 ⁴

252 676 290 738 ltt
314 675 404 735 semel
427 679 539 754 aspecti
563 677 630 756 litus
653 673 893 736 dicebatechiui.

254 761 400 838 Surgitur,
425 769 454 819 et
475 762 563 820 misso
586 761 830 838 proceresexire
854 759 988 820 iubentur

255 841 403 919 Consilio,
428 862 501 922 quos
523 843 664 904 Albanam
687 843 745 902 dux
767 861 886 919 magnus
908 845 938 905 in
959 861 1060 904 arcem
1186 855 1237 909 lto

253 927 393 988 Traxerat
416 930 551 987 attonitos
579 937 608 988 et
630 928 769 987 festinare
792 935 923 1000 coactos,
1219 937 1222 942 ·

251 1009 407 1088 Tamquam
431 1011 467 1071 de
490 1009 599 1072 Chattis
617 1011 725 1089 aliquid
746 1008 1074 1088 torvisqueSycambris

250 1094 388 1168 Dicturus
413 1103 555 1173 tamquam
578 1105 607 1156 et
628 1094 902 1172 diverstspantbns
921 1093 1001 1154 orbis
1109 1120 1113 1124 ¹
1222 1111 1225 1116 ·

251 1178 345 1237 Anxia
367 1180 520 1256 praecipiti
542 1182 671 1238 venisset
694 1178 821 1256 epistola
843 1179 938 1255 pinna.

294 1261 391 1338 Atque
414 1263 520 1320 utinam
542 1262 586 1323 his
610 1263 714 1340 pot-ius
731 1264 814 1338 nugis
836 1261 970 1321 tota-illa
990 1260 1121 1322 dedisset
1188 1274 1241 1327 tto

250 1345 397 1422 Tempora
419 1347 573 1420 saevitiae,
597 1345 818 1422 clarasquibus
841 1345 957 1405 abstulit
981 1345 1046 1404 urbi
1126 1371 1130 1379 ¹

184 1422 191 1431 '
251 1427 443 1504 illustresque
465 1429 571 1488 animas
594 1431 708 1506 impune
728 1437 761 1486 et
781 1428 896 1489 vindice
920 1428 1015 1488 nullo!

207 1589 209 1593 Ι
251 1511 312 1570 Sed
334 1513 436 1590 periit,
460 1520 612 1590 postquam
636 1511 811 1572 cerdonibus
835 1529 903 1570 esse
925 1513 1066 1572 timendus
1092 1537 1095 1542 ’

251 1592 416 1673 Coeperat:
439 1595 496 1656 hoc
518 1597 616 1656 nocuit
638 1594 799 1656 Lamiarum
821 1595 913 1657 caede
936 1596 1069 1656 madenti.
1117 1627 1120 1630 ·
1159 1621 1162 1627 ·
1222 1617 1225 1638 2

1255 1172 1272 1204 S

584 1947 816 2013 SATIRA
851 1947 891 2011 V.

250 2045 289 2139 Si
310 2087 339 2137 te
362 2067 505 2158 pr'opositi
527 2080 652 2140 nondum
673 2080 763 2158 pudet
785 2089 872 2158 atque
895 2079 997 2139 eadem
1019 2087 1065 2137 est
1086 2096 1177 2154 meus,
1205 2101 1216 2110 ·

249 2165 288 2226 Ut
308 2162 385 2222 bona
407 2180 514 2222 summa
537 2173 622 2241 putes
645 2163 739 2236 aliena
760 2165 861 2223 vivere
883 2163 1028 2241 quadram

251 2249 282 2308 Si
304 2255 389 2324 potes
411 2247 462 2306 illa
485 2249 561 2325 pati,
586 2266 660 2326 quae
683 2266 738 2308 nec
759 2248 926 2308 Sarmentus
948 2247 1060 2324 iniquas

251 2329 386 2389 Caesaris
408 2330 444 2389 ad
465 2349 597 2406 mensas,
620 2349 676 2390 nec
696 2331 762 2390 vilis
786 2330 885 2391 Gabba
907 2330 1043 2408 tulissets

251 2414 388 2488 Quamvis
411 2413 504 2472 iurato
527 2423 651 2474 metuam
673 2413 724 2474 tibi
747 2415 870 2474 credere
892 2415 970 2472 testi.
1219 2424 1236 2474 5

249 2498 359 2556 Ventre
382 2497 451 2556 nihil
475 2501 543 2576 noui
566 2497 721 2575 frugalium
748 2499 806 2558 hoc
828 2508 923 2557 tamen
945 2498 1038 2575 ipsum

249 2580 405 2641 Defecisse
427 2589 512 2658 puta,
537 2582 615 2660 quod
638 2583 714 2641 inani
737 2582 844 2641 suflicit
858 2581 949 2662 alvo:
1021 2644 1023 2647 .

249 2663 336 2724 Nulla
356 2665 475 2741 crepido
498 2676 602 2744 vacat,
633 2685 773 2743 nusquam
795 2683 868 2744 pons
892 2675 921 2724 et
943 2665 1057 2742 tegetis.
1074 2680 1142 2744 pars
1213 2687 1216 2694 ·

249 2747 372 2824 Dimidia
395 2746 535 2807 breviori
556 2752 664 2810 tantine
683 2751 784 2810 iniuria
807 2767 932 2816 coenae,

142 2899 143 2902 Ἴ
249 2832 321 2892 Tam
342 2832 436 2890 ieiuna
458 2833 549 2892 fames
576 2851 661 2912 quum
683 2836 777 2912 possit
798 2834 949 2893 honestius
972 2832 1038 2903 illic,
1206 2843 1239 2894 10

249 2915 287 2976 Et
311 2925 438 2974 tremere
462 2925 492 2974 et
513 2917 627 2976 sordes,
640 2917 725 2976 larris
747 2913 1022 2976 mordere‘cauini?

292 2998 386 3058 Primo
410 2999 468 3076 lige
491 2999 576 3076 loco,
600 3000 677 3078 quod
698 3009 728 3060 tu
750 2999 934 3059 discumbere
955 3001 1049 3057 iussus
1094 3042 1097 3050 ,

249 3081 416 3142 Mercedem
439 3083 560 3142 solidam
582 3093 713 3142 veterum
737 3086 830 3160 capis
839 3084 1011 3144 ciliciorum
1097 3101 1105 3117 ι

248 3164 372 3224 Fructus
394 3168 535 3244 amicitiae
559 3185 680 3244 magnae
703 3167 801 3234 cibus;
832 3169 950 3244 imputat
972 3165 1118 3226 bouerex
1177 3207 1181 3212 -

249 3247 288 3307 Et
310 3251 438 3326 quamvis
460 3269 555 3309 rarum
575 3261 670 3311 tamen
692 3253 838 3330 imputat·
863 3249 944 3326 Ergo
968 3249 1041 3308 duos
1063 3259 1131 3328 post
1206 3261 1238 3312 15

250 3333 281 3390 Si
303 3331 385 3391 libuit
408 3351 523 3394 menses
542 3324 708 3412 neglectum
729 3334 867 3394 adhibere
890 3334 1058 3408 clientem
1133 3355 1137 3361 ’

248 3415 348 3474 Tertia
373 3433 409 3474 nc
431 3434 524 3479 vacuo
550 3428 682 3478 cessaret
704 3419 810 3478 culcita
828 3419 924 3478 lecto:
1051 3430 1053 3433 ·
1102 3485 1105 3489 ,

248 3497 313 3556 Una
334 3501 439 3572 simus
462 3501 509 3558 ait.
554 3501 695 3562 Votorum
717 3502 840 3564 summa!
865 3501 933 3580 quid
954 3500 1029 3560 ultra

250 3578 397 3653 Quaeris?
425 3581 512 3641 babet
535 3583 672 3659 Trebius,
696 3595 818 3663 propter
839 3585 917 3664 quod
937 3601 1072 3662 rumpere
1092 3563 1222 3660 somnum

248 3663 365 3727 Debeat
387 3658 416 3725 et
438 3666 542 3744 ligulas
566 3667 724 3746 dimittere,
748 3669 891 3730 sollicitus
916 3687 954 3728 ne
1041 3738 1046 3747 ¹
1200 3679 1236 3732 20
