3050 4484
287 450 325 512 12
608 464 643 510 o.
666 463 737 510 run.
760 461 947 512 ruvununrs
1060 536 1064 544 Ι

283 602 331 663 Nil
352 601 403 663 tibi
425 621 457 662 se
478 601 589 664 debere
610 611 709 681 putat,
731 601 772 662 nil
794 603 926 662 conferet
942 621 1084 680 umquam,

284 687 456 765 Participem
480 687 575 766 quite
598 689 705 746 secreti
725 687 796 746 iecit
818 687 948 755 bonesti3

285 769 377 830 Carus
396 771 451 830 crit
470 769 572 846 Verri,
593 771 641 847 qui
663 770 785 829 Verrem
806 779 937 847 tempore
960 787 1018 849 quo
1039 769 1100 830 vult

284 853 432 914 Accusare
452 861 558 931 potest.
597 853 678 916 Tanti
695 853 745 912 tibi
767 855 879 913 nonsit
900 856 986 933 opaci

284 935 381 995 Omnis
403 945 490 997 arena
513 936 584 1014 Tagi
603 937 738 1015 quodque
760 939 789 995 in
806 956 884 997 mare
902 939 1026 998 volvitur
1047 955 1155 1013 aurum,
1194 980 1197 985 ,
1230 950 1264 1002 55

211 1073 213 1078 .
282 1019 319 1078 Ut
341 1037 441 1079 somno
463 1038 564 1080 careas
587 1022 779 1100 ponendaque
799 1023 927 1099 praemia
949 1039 1044 1080 sumas
1142 1072 1144 1076 .

284 1101 384 1162 Tristis
407 1112 436 1162 et
456 1122 472 1162 a
490 1119 593 1180 magno
616 1122 732 1182 semper
753 1106 880 1165 timearis
901 1107 1003 1166 amico.

326 1186 407 1260 Quae
429 1205 504 1246 nunc
526 1186 658 1246 divitibus
679 1186 752 1264 gens
773 1190 974 1267 acceptissima
995 1190 1112 1265 nostris,

282 1269 319 1331 Et
341 1287 414 1348 quos
436 1272 594 1348 praecipue
617 1271 739 1348 fugiam,
761 1272 928 1351 properabo
951 1273 1047 1348 lateri,

209 1427 213 1432 Ι
282 1354 345 1414 Nec
368 1353 461 1433 pudor
484 1353 619 1414 obstabit.
663 1353 728 1414 Non
749 1373 867 1434 possum
888 1357 986 1433 ferre,
1011 1356 1149 1430 Quirites,
1230 1365 1267 1418 60

284 1437 424 1498 Graecam
443 1437 559 1512 urbem3
583 1442 712 1516 quamvis
735 1451 822 1517 quota
844 1443 939 1518 portio
961 1441 1054 1500 faecis
1076 1436 1209 1499 Achaei?

281 1521 341 1582 lam
362 1521 472 1599 pridem
495 1523 586 1597 Syrus
606 1525 635 1582 in
652 1522 780 1584 Tiberim
801 1525 919 1585 delluxit
940 1523 1076 1600 Orontes,

282 1603 319 1664 Et
341 1605 465 1682 linguam
488 1615 517 1666 et
538 1623 636 1666 mores
659 1617 688 1667 et
710 1625 773 1667 cum
795 1609 912 1667 tibicine
931 1608 1057 1667 chordas

282 1687 420 1765 Obliquas
440 1705 495 1747 nec
514 1706 571 1748 non
589 1690 864 1770 gentiliatympana
887 1709 984 1751 secum

281 1769 369 1830 Venit
391 1771 475 1830 etad
498 1773 604 1831 circum
627 1774 720 1832 iussas
741 1783 875 1852 prostare
897 1775 1021 1852 puellas.
1231 1783 1266 1836 65

281 1853 340 1929 lte,
363 1853 467 1932 quibus
488 1864 570 1931 grata
594 1865 638 1915 est
660 1857 737 1934 picta
760 1859 828 1936 lupa
848 1857 971 1918 barbara
992 1858 1087 1919 mitra!

281 1935 417 1997 Rusticus
439 1937 489 1997 ille
512 1948 576 1999 tuus
599 1942 682 1998 sumit
702 1941 911 2020 trecbedipna,
935 1941 1070 2018 Quirine,

181 2041 183 2048 ·
282 2019 320 2080 ltu
341 2023 516 2081 ceromatico
538 2023 596 2083 lert
616 2025 755 2085 niceteria
778 2025 873 2085 collo!

281 2104 335 2164 Hic
357 2105 413 2165 alta
433 2106 575 2183 Sicyone,
599 2117 643 2166 ast
661 2108 718 2168 bic
731 2109 882 2183 Amydone
905 2109 1019 2184 relicta,

281 2187 334 2248 Hic
357 2188 473 2264 Andro,
498 2190 547 2250 ille
570 2192 671 2267 Samo,
697 2192 743 2252 bic
767 2192 911 2253 Trallibus
933 2202 980 2253 aut
998 2193 1167 2269 Alabandis,
1231 2200 1266 2256 70

281 2271 427 2350 Esquilias
448 2274 610 2352 dictumque
634 2285 733 2353 petunt
751 2295 767 2336 a
788 2278 893 2337 vimine
917 2277 1033 2353 collem,
1128 2286 1131 2291 '

281 2355 403 2417 Viscera
422 2375 586 2434 magnarum
610 2359 741 2419 domuum
765 2360 929 2440 dominique
951 2361 1048 2421 luturi.

281 2439 429 2517 Ingenium
451 2442 556 2518 velox,
580 2443 700 2504 audacia
722 2445 849 2522 perdita,
870 2463 966 2506 sermo

281 2524 433 2602 Promptus
453 2534 482 2584 et
503 2525 587 2586 lsaeo
604 2531 775 2598 torrentior.
819 2529 901 2604 Ede,
925 2529 993 2606 quid
1014 2529 1093 2588 illum

281 2607 357 2666 Esse
378 2604 482 2685 putes?
505 2611 634 2688 quemvis
655 2609 798 2670 hominem
818 2631 917 2672 secum
939 2612 1032 2672 attulit
1053 2611 1089 2671 ad
1108 2627 1177 2670 nos:
1231 2619 1266 2673 75

283 2689 504 2767 Grammaticus,
527 2693 641 2768 rhetor,
662 2705 849 2771 geometres,
872 2699 985 2774 pictor,
1009 2696 1125 2774 aliptes,

282 2774 398 2851 Augur,
422 2774 652 2852 schoenobatas,
676 2779 822 2855 medicus,
841 2798 957 2858 magus:
981 2781 1075 2840 omnia
1091 2780 1171 2838 novit

282 2857 441 2918 Graeculus
464 2861 611 2931 esuriens;
635 2863 662 2920 in
686 2863 816 2938 coelum,
838 2865 975 2940 iusseris,
997 2863 1059 2922 ibit.

280 2940 313 3000 lu
337 2960 459 3018 summa,
480 2961 536 3003 non
551 2944 666 3005 Maurus
688 2955 750 3006 erat
770 2965 867 3025 neque
890 2950 1019 3008 Sarmata
1037 2966 1095 3006 nec
1117 2947 1222 3020 Thrax,

282 3025 337 3099 Qui
356 3028 476 3104 sumpsit
497 3031 616 3106 pinnas,
638 3031 741 3090 mediis
759 3032 812 3090 sed
834 3041 918 3091 natus
939 3031 1071 3092 Athenis.
1231 3039 1269 3093 80

281 3109 387 3168 Horum
409 3129 465 3188 ego
486 3129 541 3170 nou
564 3113 670 3190 logiam
693 3113 867 3190 conchylia?
887 3134 933 3176 me
955 3116 1035 3193 prior
1055 3114 1105 3174 ille

282 3193 412 3270 Signabit
431 3194 579 3273 fultusque
600 3207 665 3256 toro
687 3199 809 3258 meliore
830 3199 990 3274 recumbet,

261 3277 431 3337 Advectos
453 3276 572 3340 Romam
596 3298 652 3359 quo
675 3299 765 3359 pruna
788 3291 817 3341 et
840 3291 956 3342 cottona
973 3279 1082 3342 vento?

282 3359 382 3439 Usque
404 3361 479 3422 adeo
503 3363 571 3423 nihil
595 3373 655 3438 est,
680 3366 756 3442 quod
780 3375 879 3425 nostra
900 3365 1016 3425 infantia
1035 3366 1149 3426 coelum

282 3443 382 3504 llausit
404 3446 554 3521 Aventini,
579 3447 670 3507 bacca
688 3450 792 3508 nutrita
809 3446 937 3508 Sabina?
1173 3479 1176 3484 ·
1232 3458 1268 3511 85

284 3527 358 3600 Quid
382 3530 458 3606 quod
477 3531 609 3592 adulandi
631 3549 705 3608 gens
728 3532 948 3610 prudentissima
971 3533 1067 3592 laudat

284 3611 454 3672 Sermonem
473 3614 596 3689 indocti,
617 3615 721 3674 iaciem
742 3615 881 3675 deformis
903 3618 998 3693 amici,

283 3691 458 3773 Etlougum
480 3698 597 3758 invalidi
618 3699 724 3760 collum
747 3699 910 3760 cervicibus
933 3707 1038 3778 aequat
