3050 4484
646 464 771 513 SATIRA
791 464 862 511 xlv.

257 603 358 681 Fregit
379 619 467 681 upes;
490 620 546 663 uec
564 621 654 683 parve
675 612 772 665 tamen
790 620 924 663 mensure
942 602 1067 665 relictae
1164 635 1168 643 1

257 688 349 747 Partis
373 696 449 746 erat:
473 695 561 747 totum
581 686 655 746 huuc
677 686 802 746 turbavit
823 686 898 746 iilius
925 704 1032 761 emens,

255 770 331 831 Dum
353 770 473 830 meliore
497 788 587 830 novas
610 769 715 831 uttoliit
734 787 877 829 marmure
897 769 992 829 vilius.
1205 780 1238 834 06
1335 772 1340 779 “

299 852 421 927 Quidam
444 856 537 914 sortiti
559 862 734 914 metuentem
747 852 875 914 subbata
897 862 1008 932 putrem

256 938 303 997 Nil
325 947 443 1016 praeter
465 936 556 997 nubes
579 948 607 997 et
629 938 705 997 eceli
727 954 831 996 numeru
854 937 984 1012 adurunt,

256 1021 318 1082 Nec
342 1022 450 1083 distare
473 1030 573 1099 putant
593 1021 714 1081 humere
737 1038 825 1081 cerne
848 1020 971 1093 suillam,

258 1104 320 1178 Qua
340 1115 423 1183 pater
442 1104 591 1170 abstinuit;
613 1122 681 1164 mox
702 1114 732 1163 et
752 1106 904 1183 praeputia
927 1113 1044 1182 ponunt.

256 1188 401 1247 Romanas
424 1198 519 1247 autem
541 1188 619 1247 soliti
641 1198 827 1252 contemnere
847 1188 932 1265 leges
1189 1199 1240 1251 100

257 1270 402 1331 Iudaicum
425 1272 556 1331 ediscunt
578 1280 607 1331 et
627 1266 745 1331 servant
764 1289 800 1361 up
819 1279 947 1331 metuunt
968 1273 1024 1345 ius,

256 1354 385 1415 Tradidit
404 1372 509 1414 ureuuo
538 1355 740 1433 quodcumque
762 1355 908 1415 volumine
930 1353 1040 1429 dieses,

257 1438 323 1498 Nou
345 1448 507 1498 monstrare
529 1441 591 1498 vius
613 1440 715 1499 eadem
737 1439 792 1496 nisi
814 1456 898 1500 sacru
918 1438 1037 1513 colenti,
1097 1471 1101 1482 ‚
1138 1503 1145 1518 Ι

257 1522 425 1595 Quaesitum
448 1521 483 1582 ad
503 1523 611 1583 iontem
634 1522 715 1581 solos
734 1521 882 1581 deducere
903 1538 1028 1600 verpus·

257 1605 317 1665 Sed
338 1614 422 1683 puter
443 1608 471 1664 iu
494 1623 597 1683 cause,
619 1608 665 1665 cui
687 1606 814 1683 septime,
834 1623 968 1685 quaeque
990 1606 1043 1667 iuit
1071 1604 1121 1677 tujx
1190 1615 1240 1667 105

257 1687 364 1766 ignava
386 1697 415 1747 et
437 1698 547 1767 purtem
568 1691 646 1749 vitae
667 1706 724 1748 unu
748 1690 843 1767 attigit
863 1689 961 1749 ulium.

267 1842 268 1845 Ἴ
301 1773 412 1849 Sponte
434 1782 528 1831 tumen
554 1774 674 1833 iuvenes
696 1774 840 1834 imitentur
863 1782 974 1833 cetera:
996 1773 1097 1850 sulum*

256 1856 340 1915 Inviti
365 1874 481 1935 quoque
504 1858 651 1915 avaritiam
678 1871 822 1915 exercere
846 1856 989 1917 iubentur.

257 1940 344 2003 Fallit
368 1942 442 1999 euim
468 1942 566 2000 vitium
589 1940 690 2018 specie
712 1942 825 2017 virtutis
849 1948 878 1999 et
898 1938 1008 2013 umbre,

257 2022 351 2095 Quum
374 2025 410 2083 sit
431 2026 513 2083 triste
535 2023 633 2083 babitu
655 2022 795 2100 vultuque
818 2032 848 2082 et
870 2032 953 2081 veste
976 2041 1111 2083 severum
1191 2031 1241 2084 110

256 2106 321 2175 Nec
347 2106 433 2166 dubie
455 2116 597 2185 tamquam
621 2106 697 2182 frugi
718 2106 850 2166 laudetur
870 2122 985 2181 avarus,

256 2190 413 2268 'i'emquam
435 2208 540 2267 percus
565 2189 652 2250 homo
675 2199 704 2249 et
725 2208 821 2249 rerum
843 2189 933 2248 tutela
955 2208 1070 2249 suarum

205 2296 212 2303 ·
258 2272 346 2333 Certa
368 2276 476 2349 magis,
500 2292 584 2352 quam
607 2274 632 2333 si
653 2273 783 2333 fortunus
800 2282 900 2333 servet
921 2273 1038 2333 eusdem

257 2356 449 2434 Hesperidum
474 2374 598 2434 serpens
621 2366 669 2417 eut
691 2356 837 2417 Ponticus.
874 2356 958 2417 Adde
981 2356 1059 2434 quod
1081 2355 1172 2431 huuc,
1204 2354 1240 2414 de

259 2440 324 2513 Quo
346 2440 468 2517 loquor,
496 2442 646 2517 egregium
666 2440 792 2519 populus
815 2449 896 2519 putet
917 2440 1092 2517 adquirendi
1191 2448 1240 2504 115

258 2522 426 2591 Artificemu
448 2526 554 2603 quippe
577 2525 621 2583 his
640 2530 775 2585 crescunt
793 2525 963 2603 patrimonia
983 2524 1082 2584 iubris.

256 2606 318 2667 Sed
342 2616 477 2666 crescunt
497 2624 681 2687 quocumque
705 2608 807 2683 modo,
830 2608 997 2685 maioraque
1021 2608 1090 2667 iiuut

257 2690 366 2753 lncude
389 2690 504 2751 assidua
526 2710 701 2770 semperque
728 2692 848 2771 prdente
874 2693 996 2751 camino.

257 2774 295 2835 Et
317 2782 401 2852 puter
424 2792 496 2853 ergo
520 2778 605 2836 animi
630 2776 735 2835 felices
759 2775 851 2837 credit
876 2783 997 2843 auarum

259 2859 315 2932 Qui
337 2860 454 2919 miretur
476 2877 568 2937 opes,
597 2862 647 2938 qui
664 2859 741 2919 nuile
763 2859 897 2937 exemplu
919 2860 997 2919 beati
1192 2866 1243 2920 120

257 2944 397 3021 Pauperis
423 2960 490 3003 esse
513 2952 610 3021 putat,
637 2946 757 3001 iuvenes
780 2942 926 3018 bortatur,
950 2952 980 3002 ut
998 2943 1077 3003 ilium

257 3026 305 3085 ire
327 3027 401 3085 vium
423 3036 546 3105 pergunt
567 3022 596 3085 et
618 3026 710 3087 eidem
732 3025 899 3085 incumbere
923 3034 1035 3086 sectae.

260 3112 332 3169 Sunt
354 3110 494 3189 quaedem
515 3113 648 3170 vitiorum
670 3111 828 3171 elementa:
851 3109 896 3169 bis
918 3112 1048 3188 protinus
1067 3110 1141 3171 ilios

258 3192 362 3253 imbuit
384 3204 413 3253 et
439 3196 518 3270 cogit
540 3196 668 3255 minimas
690 3194 824 3253 ediscere
846 3194 961 3270 sordes,

258 3276 329 3336 Mox
351 3276 520 3355 adquirendi
544 3278 631 3339 docet
652 3276 814 3339 insatiubrie
837 3288 945 3338 votum.
1192 3285 1241 3339 115

261 3362 419 3421 Servorum
440 3370 557 3420 ventres
579 3362 675 3422 modio
698 3363 822 3438 castigat
841 3363 950 3440 iniquo,

259 3444 328 3523 lpse
350 3461 466 3523 quoque
484 3446 628 3513 esurieus;
649 3464 743 3524 usque
766 3446 841 3505 euim
860 3448 954 3505 omnia
970 3445 1092 3505 sustinet
1109 3460 1241 3521 umquem

259 3527 374 3607 dilucide
395 3528 523 3587 caerulei
544 3530 626 3606 panis
650 3546 820 3589 consumere
844 3526 946 3604 frusta,

260 3611 433 3671 Hesternum
452 3612 558 3671 solitus
580 3612 674 3673 medio
696 3632 816 3674 servare
836 3612 976 3673 mimrtrdx

260 3679 443 3775 Septembri,
467 3714 522 3755 uec
545 3712 603 3757 uou
628 3694 743 3757 differre
766 3698 796 3756 iu
816 3707 947 3775 tempora
970 3712 1081 3757 coenae
1188 3703 1240 3757 130

302 3800 314 3827 x
994 3785 1003 3795 .
