3050 4484
612 438 647 483 D.
670 433 741 484 IUN.
764 434 951 485 Iuvnnsms

525 750 530 763 ¹
599 736 943 803 SATIRAXVI.

278 872 354 974 Quis
375 916 525 959 numerare
549 908 636 977 qrreat
657 899 753 959 lelicis
778 895 929 976 praemia,¹
947 895 1033 973 Calli,

277 979 419 1047 Militiae?
441 1000 504 1043 nam
530 983 558 1041 si
576 982 732 1043 subeuntur
754 999 898 1059 prospera
920 990 1028 1055 castra,

278 1070 324 1131 Me
347 1066 480 1145 pavidum
502 1068 629 1143 excipiat
654 1068 778 1125 tironem
802 1072 886 1143 porta
912 1064 1041 1124 secundo
1111 1124 1115 1134 ,

277 1154 390 1215 Sidere.
432 1150 498 1209 Plus
524 1152 629 1210 etenim
652 1150 703 1209 fati
727 1150 807 1207 valet
828 1148 901 1209 hors
925 1147 1054 1225 benigni,

278 1236 370 1309 Quam
392 1234 416 1292 si
440 1250 492 1291 nos
511 1232 635 1292 Veneris
656 1232 838 1293 commendet
860 1229 986 1309 epistola
1007 1230 1090 1291 Marti
1244 1242 1264 1295 ὀ

276 1319 314 1381 Et
337 1318 431 1377 Samia
458 1318 592 1393 genetrix
615 1334 689 1395 quae
715 1316 878 1377 delectatur
901 1332 999 1376 arena.

319 1398 476 1463 Commoda
501 1409 658 1475 tractemus
681 1400 802 1478 primum
825 1401 1005 1474 communia,
1033 1409 1153 1477 qnorum

276 1487 358 1548 Haud
385 1486 526 1545 minimum
547 1484 618 1545 illud
640 1486 712 1559 erit,
735 1502 772 1543 ne
794 1493 823 1543 te
847 1482 966 1561 pulsare
986 1494 1102 1561 togatus

276 1570 407 1643 Audeat,
430 1568 514 1629 immo
539 1577 584 1644 et,
607 1568 632 1629 si
656 1568 803 1646 pulsetur,
826 1566 986 1627 distimulet
1007 1586 1063 1628 nec

277 1654 392 1715 Audeat
416 1669 558 1713 excussos
580 1653 709 1730 praetori
733 1649 889 1711 ostendere
915 1651 1018 1711 dentes
1208 1665 1264 1716 ‘lo

275 1737 314 1801 Et
334 1738 444 1814 nigram
469 1737 497 1795 in
519 1735 595 1797 facie
618 1735 731 1795 tumidis
756 1734 896 1795 livoribus
921 1736 1007 1795 odam
1105 1755 1106 1758 ¹

276 1822 372 1899 Atque
395 1818 509 1880 oculum
531 1818 645 1879 medico
668 1818 709 1880 nil
732 1818 918 1897 promittente
941 1820 1106 1882 relictum'

275 1903 433 1965 Bardaicus
456 1902 543 1963 iudex
563 1901 646 1963 datur
670 1902 744 1963 hacc
767 1904 869 1981 punire
890 1903 1011 1978 volenti,

277 1986 403 2049 Calceus
429 1995 457 2045 et
478 1986 604 2063 grandes
624 2004 727 2064 magna
748 1986 785 2047 ad
809 1985 948 2047 subsellia
973 2004 1069 2063 surae,

274 2068 401 2149 Legibus
426 2072 548 2149 antiquis
572 2080 730 2131 castrorum
753 2079 885 2130 etmore
909 2068 1023 2137 Camilli
1227 2082 1263 2135 15

276 2157 415 2229 Servato,
442 2154 525 2214 miles
550 2172 586 2213 ne
613 2154 718 2215 vallum
740 2154 836 2231 litiget
861 2163 943 2216 extra

275 2238 312 2299 Et
339 2238 442 2317 procul
464 2256 481 2296 a
503 2240 603 2313 signis.
639 2238 797 2297 Iustissima
823 2240 1022 2297 centurionum

277 2320 411 2399 Cognitio
435 2328 480 2379 est
506 2322 594 2399 igitur
619 2322 654 2383 dc
676 2321 783 2396 milite,
808 2340 864 2381 nec
886 2322 953 2382 milri
976 2322 1068 2383 deerit

275 2404 371 2481 Ultio,
395 2406 420 2464 si
444 2406 536 2465 iustae
560 2405 690 2465 delcrtur
711 2423 800 2465 causa
825 2406 991 2483 querellae;

275 2489 349 2550 'l'ota
374 2488 480 2549 cohors
504 2497 599 2551 tamen
622 2497 667 2548 est
689 2484 817 2564 inimica,
843 2506 1002 2567 omnesque
1023 2490 1142 2570 marinii
1224 2501 1263 2555 20

277 2572 428 2633 Consensu
453 2590 558 2649 magno
581 2573 724 2647 efliciunt,
749 2571 886 2641 curabilis
910 2583 941 2632 ut
963 2576 1008 2632 sit

274 2656 408 2717 Vindicta
430 2666 459 2735 et
481 2658 599 2733 gravior
622 2673 706 2735 quam
728 2656 838 2717 iniuria.
874 2656 998 2733 Dignum
1024 2660 1078 2718 erit
1101 2675 1174 2735 ergo

274 2740 486 2801 Declamatoris
508 2740 615 2799 mulino
639 2739 729 2799 corde
749 2739 877 2816 Vagelli,

276 2824 369 2899 Quum
392 2824 448 2883 duo
471 2840 554 2885 crura
577 2822 705 2898 habeas,
733 2823 885 2887 offendere
910 2832 953 2883 tot
976 2824 1104 2903 caligas,
1130 2834 1175 2885 tot

274 2904 353 2967 llilia
390 2907 546 2967 clavorum.
586 2907 657 2983 Quis
684 2916 741 2969 tam
763 2908 867 2988 procul
893 2908 969 2969 absit
990 2910 1025 2969 ab
1044 2908 1122 2969 urbe
1223 2920 1262 2973 25

274 2990 448 3066 Praeterea,
476 2994 539 3070 quis
562 2999 618 3052 tam
640 2990 782 3068 Pylades,
804 2992 910 3052 molem
933 2996 1049 3071 aggeris
1072 2993 1145 3054 ultra

211 3106 215 3109 ·
273 3072 312 3133 Ut
332 3074 451 3134 veniat?
476 3076 612 3135 lacrimae
635 3077 781 3136 siccantur
803 3079 950 3159 protinus,
974 3088 1058 3139 etse

274 3157 475 3218 Excusaturos
496 3175 554 3217 nou
578 3160 771 3225 sollicitemus
794 3163 913 3221 amicos.

274 3240 317 3303 Da
340 3252 463 3318 testem,
489 3242 577 3305 iudex
601 3261 686 3321 quum
713 3244 832 3319 dixerit,
861 3243 965 3305 audeat
985 3244 1037 3304 ille

188 3397 194 3408 x
231 3365 234 3381 .
273 3324 382 3386 Nescio
410 3326 493 3404 quis,
516 3345 630 3407 pugnos
654 3330 701 3407 qui
726 3329 811 3403 vidit,
835 3328 951 3387 dicere:
976 3328 1048 3389 vidi:
1224 3339 1262 3393 30

273 3408 311 3469 Et
336 3410 452 3471 credam
474 3410 589 3487 dignum
612 3411 702 3471 barba
727 3411 901 3489 dignumque
924 3413 1039 3491 capillis
1062 3440 1064 3444 .

273 3491 423 3554 llaiorum.
463 3492 553 3555 Citius
576 3495 680 3555 falsum
703 3496 869 3573 producere
891 3504 996 3558 testem

275 3574 383 3639 Contra
406 3596 549 3657 paganum
574 3581 688 3657 possis,
711 3597 795 3657 quam
818 3597 889 3639 vera
912 3580 1081 3657 loquentem

275 3656 383 3723 Contra
407 3662 549 3734 lortunam
571 3664 670 3723 armati
694 3672 854 3742 contraque
881 3664 1031 3741 pudorem.
