3050 4484
654 485 779 533 sturae
800 485 847 533 vt.

255 627 400 689 Verberat
424 637 510 705 atque
532 627 627 687 obiter
652 623 855 701 iaciemlinit,
879 622 956 686 audit
977 625 1085 685 arnicas

256 711 422 772 Antiatum
445 712 541 788 pictae
559 711 652 770 vestis
677 707 844 768 considerat
866 721 964 768 auram

257 793 295 854 Et
316 795 422 864 caedit;
447 795 532 871 longi
549 794 656 870 relegit
675 802 841 852 transversa
863 793 955 851 diurni

257 878 295 938 Et
318 878 429 955 caedit,
451 879 546 938 donee
568 878 655 938 lassis
679 875 884 936 caedentibus:
909 876 973 934 exi!

256 962 371 1022 intonet
392 963 590 1038 horrendum,
605 964 660 1020 iarn
682 961 849 1037 cognitione
871 969 1001 1038 peracta.
1174 956 1245 1026 'aas
1333 1030 1339 1045 Ι
1367 1009 1372 1016 .

257 1045 444 1106 Praefectura
469 1047 571 1106 domus
594 1044 691 1106 Sicula
711 1061 769 1102 non
790 1045 886 1102 mitior
910 1043 984 1103 aula.
1021 1065 1028 1074 ·

256 1129 329 1190 Nam
352 1131 376 1188 si
399 1131 546 1190 coustituit
568 1129 715 1206 solitoque
739 1128 891 1187 decentius
917 1135 999 1204 optat
1114 1194 1117 1205 Ι

258 1211 360 1285 Ornari
382 1222 410 1272 et
432 1223 572 1292 properat
595 1215 709 1290 iamque
732 1220 920 1289 exspectatur
940 1213 969 1269 in
991 1210 1082 1270 hortis

259 1296 317 1354 Aut
339 1296 414 1373 apud
438 1297 550 1356 Isiacae
574 1297 670 1375 potius
692 1296 820 1355 sacraria
842 1295 939 1370 lenae,

258 1379 394 1456 Disponit
418 1383 542 1454 crinem,
565 1379 701 1440 laceratis
725 1380 790 1457 ipsa
814 1378 939 1456 capillis,
1133 1436 1134 1443 ,
1193 1389 1247 1444 400

257 1461 341 1522 Nuda
364 1462 484 1522 humero
506 1463 614 1523 Psecas
635 1462 737 1522 infelix
758 1463 901 1540 nudisque
923 1462 1066 1521 mamillis.

259 1545 356 1608 Altior
376 1545 424 1605 hic
446 1565 536 1625 quare
561 1542 728 1606 cincinnus?
756 1554 857 1605 taurea
879 1547 959 1624 punit

237 1626 403 1688 'Continuo
423 1630 492 1691 llexi
516 1632 623 1690 crimen
644 1629 815 1707 facinusque
839 1629 948 1707 capilli.
987 1688 989 1696 ,

258 1712 333 1786 Quid
354 1712 462 1776 Psecas
485 1711 619 1774 admisit?
642 1731 782 1792 quaenam
805 1722 851 1772 est
871 1712 919 1772 hic
940 1713 1026 1792 culpa
1048 1716 1177 1795 paellae,

259 1797 290 1855 si
311 1795 363 1855 tibi
382 1795 528 1876 displicuit
545 1803 636 1859 husus
657 1794 745 1856 tune?
768 1797 859 1858 altera
881 1797 995 1857 laevum
1193 1808 1246 1863 495

189 1927 195 1932 .
257 1877 395 1940 Extendit
415 1883 564 1961 pectitque
588 1899 686 1941 comas
710 1890 740 1940 et
762 1881 853 1940 volvit
876 1882 906 1940 in
927 1881 1037 1942 orbern.

257 1961 311 2022 Est
331 1963 360 2022 in
384 1965 506 2024 consilio
528 1973 656 2025 materna
678 1965 852 2042 admotaque
876 1963 950 2024 lanis

256 2045 384 2106 Emerita
406 2066 481 2126 quae
504 2058 601 2108 cessat
622 2066 690 2114 acu;
714 2049 858 2106 sententia
880 2049 971 2125 prima

255 2129 345 2190 Huius
370 2133 440 2206 erit,
464 2141 532 2209 post
553 2131 627 2192 hanc
651 2140 747 2191 aetate
769 2140 856 2208 atque
882 2140 945 2190 arte
967 2133 1094 2192 minores

258 2211 443 2289 censebunt,
468 2224 613 2292 tamquam
636 2215 730 2274 famae
756 2215 911 2274 discrimen
932 2223 1035 2291 agatur
1194 2226 1247 2278 500

255 2297 315 2356 Aut
338 2299 464 2357 animae:
488 2305 566 2358 tanta
590 2307 635 2357 est
653 2298 819 2376 quaerendi·
836 2315 904 2357 cura
928 2299 1062 2359 decoris!

256 2380 313 2442 Tot
334 2382 438 2457 premit
460 2381 624 2456 ordinibus,
648 2390 691 2440 tot
713 2381 807 2460 adhuc
831 2381 1020 2458 compagibus
1043 2383 1130 2442 altum

254 2463 400 2522 Aedificat
422 2473 523 2542 caput:
546 2465 770 2524 Andromachen
791 2483 808 2524 a
830 2465 926 2523 fronte
949 2465 1078 2540 uidebis;

255 2547 325 2606 Post
347 2548 439 2608 minor
461 2557 521 2607 est:
547 2549 650 2608 credas
673 2548 768 2608 aliam.
813 2546 912 2623 Cedo,
934 2548 960 2607 si
981 2548 1072 2610 breve
1096 2549 1179 2630 parvi

255 2631 364 2690 Sortita
387 2640 432 2690 est
456 2631 556 2692 lateris
579 2633 703 2710 spatium
723 2633 905 2711 breviorque
928 2633 1044 2694 ridetur
1195 2642 1246 2694 505

158 2763 163 2781 „
253 2713 385 2792 Virgine
398 2714 559 2792 Pygmaea,
584 2716 669 2776 nullis
695 2717 790 2777 adiuta
813 2717 972 2792 cothurnis,

255 2795 293 2858 Et
315 2799 388 2856 letis
413 2809 512 2858 erecta
538 2801 687 2876 consurgit
711 2801 748 2860 ad
770 2801 873 2860 oscula
895 2799 1007 2878 planta!

297 2879 383 2942 Nulla
405 2884 459 2942 viri
483 2887 552 2942 cura
575 2885 704 2958 interca,
728 2901 786 2943 nec
808 2885 915 2943 mentio
937 2884 989 2943 liet

254 2964 445 3025 Damnorum:
469 2969 540 3026 vivit
561 2969 823 3044 tamqnam'vicina
846 2969 950 3041 mariti,
1342 3023 1345 3028 .

254 3047 320 3108 Hoc
342 3049 408 3108 solo
432 3052 569 3128 propior,
592 3051 670 3130 quod
692 3051 802 3110 amicos
825 3051 957 3127 coniugis
980 3051 1041 3112 odit
1195 3059 1248 3116 510
1269 3097 1271 3103 .

255 3130 294 3191 Et
317 3151 439 3208 servos,
463 3136 561 3210 gravis
585 3144 631 3194 est
654 3134 825 3194 rationibus.
870 3133 951 3194 Ecce
972 3134 1096 3194 furentis

254 3214 395 3282 Bellonae
416 3221 573 3297 matrisque
595 3218 679 3278 deum
702 3217 808 3278 chorus
820 3220 906 3278 intrat
927 3228 957 3278 et
979 3220 1082 3296 ingens

256 3299 398 3375 Semivir,
421 3300 554 3362 obsceno
573 3303 667 3364 iacies
688 3302 852 3362 reverenda
871 3303 986 3378 minori,

255 3381 355 3442 Mollia
379 3385 427 3461 qni
448 3395 532 3462 rapta
555 3387 648 3446 secuit
668 3387 807 3463 genitalia
827 3395 904 3446 testa

255 3466 315 3526 lam
339 3467 465 3544 pridem,
491 3470 537 3526 cui
560 3485 647 3529 rauca
671 3470 796 3547 cohors,
819 3472 864 3529 cui
886 3480 1021 3548 tympana
1045 3466 1150 3527 cedant
1192 3476 1245 3529 515

255 3549 375 3610 Plebeia
398 3559 428 3610 et
449 3550 575 3627 Phrygia
598 3554 720 3612 vestitur
742 3553 836 3614 bucca
860 3556 942 3614 tiara.

257 3633 475 3705 Grandesonat
496 3637 645 3714 metuique
666 3636 746 3696 iubet
767 3637 948 3716 Septembris
969 3644 1000 3696 et
1030 3635 1119 3695 austri

254 3715 435 3795 Adventum,
458 3719 514 3782 nisi
538 3737 571 3778 se
596 3729 710 3780 eentum
731 3721 899 3781 lustraverit
923 3721 987 3780 oris
