3050 4484
635 436 759 485 SA'HRA
778 436 814 483 X.

254 582 335 642 llaec
355 580 422 639 data
442 593 538 655 poena
562 576 609 635 diu
632 575 812 649 viventibus,
837 583 868 634 ut
889 583 1029 635 renovata

255 667 378 742 Semper
403 660 486 722 clade
512 660 613 721 domus
638 659 764 719 multis'
755 677 785 719 ιιι
805 658 960 720 luctibus
952 675 1038 735 nuque

255 748 399 825 Perpetuo
425 761 557 804 maerore
579 753 608 803 et
629 744 710 841 pigra
732 750 818 801 ueste
839 750 1003 801 senescant.
1182 751 1234 806 245

256 831 321 891 Rex
344 829 458 903 Pylius,
485 844 589 903 magno
614 828 639 887 si
663 825 819 905 quidquam
842 824 938 884 credis
960 823 1098 899 Homero,

254 912 429 1009 Exemplum
451 912 528 971 vitae
550 910 637 971 inita
659 910 779 969 cornice
802 908 958 970 secundae.

255 996 340 1057 Felix
363 996 508 1069 nimirum,
533 995 582 1072 qui
603 1003 646 1054 tot
668 1010 722 1071 per
744 993 848 1053 secula
871 1001 995 1053 mortem

255 1079 374 1141 Distulit
399 1086 486 1155 atque
511 1094 580 1139 sitos
605 1080 661 1139 iam
684 1078 787 1137 deutra
809 1084 956 1155 computat
975 1092 1077 1152 annos,

257 1163 371 1241 Quique
393 1178 498 1220 novum
519 1162 749 1223 toties'mustum
774 1159 855 1221 bibit.
888 1158 963 1234 Oro,
988 1176 1144 1238 parumper
1185 1171 1238 1223 aab

256 1246 414 1320 Attendas,
439 1252 576 1323 quantum
598 1244 635 1305 de
664 1244 779 1321 legibus
802 1246 866 1322 ipse
889 1252 1026 1321 querebar
1144 1280 1151 1293 ι

255 1330 392 1391 Fatorum
415 1336 444 1389 et
468 1328 555 1387 nimio
576 1327 613 1389 de
636 1329 773 1402 stamine,
794 1345 879 1405 quum
897 1327 976 1388 videt
997 1329 1073 1388 acris

256 1412 403 1473 Antilochi
425 1410 553 1479 barban,
567 1411 732 1486 ardentem,
759 1428 845 1487 quum
866 1412 979 1488 quaerit
999 1410 1037 1470 ab
1061 1414 1137 1472 omni
1175 1433 1178 1438 ⁴

257 1497 395 1575 Quisquis
432 1494 515 1555 adest
540 1496 653 1570 socius,
678 1512 729 1554 cur
751 1494 826 1555 baec
846 1495 876 1553 in
896 1503 1030 1571 tempora
1052 1496 1147 1572 duret,

258 1580 342 1651 Quod
364 1578 476 1639 lacinus
497 1578 613 1654 dignum
634 1588 693 1639 tam
714 1578 803 1655 longo
825 1578 973 1637 admiserit
994 1576 1091 1637 aevo?
1188 1589 1238 1641 255

256 1662 338 1722 Haec
364 1662 468 1723 eadem
491 1660 614 1736 Peleus,
638 1670 860 1741 raptum-quum
882 1661 963 1737 luget
987 1660 1142 1739 Achillem,

257 1746 354 1825 Atque
378 1746 468 1820 alius,
499 1746 544 1803 cui
566 1745 611 1805 ias
634 1744 763 1805 ithacum
784 1747 889 1821 lugere
909 1754 1062 1805 natantem.

257 1829 398 1889 Incolumi
420 1828 506 1891 Troia
530 1828 657 1889 Priamus
679 1830 810 1889 venisset
833 1829 871 1889 ad
891 1828 1009 1889 umbras

257 1914 396 1973 Assaraci
416 1914 528 1989 magnis
551 1912 755 1988 sollemnibus,
778 1912 907 1972 llectore
930 1912 1016 1974 funus

257 1997 392 2057 Portaute
414 2013 450 2057 ao
470 1995 591 2074 reliquis
612 1995 731 2055 fratrum
757 1995 920 2055 cervicibus
941 1998 1017 2054 inter

258 2080 377 2140 Iliadum
402 2078 552 2153 lacrimas,
577 2088 607 2139 ut
629 2080 738 2157 primos
763 2080 854 2138 edere
875 2078 1008 2156 planctus

259 2162 422 2223 Cassandra
444 2163 587 2239 inciperet
610 2164 761 2239 scissaque
785 2161 942 2237 Polyxena,
958 2161 1046 2239 palla,

259 2248 292 2307 Si
316 2246 394 2306 ioret
416 2247 575 2307 exstinctus
601 2246 718 2305 diverso
741 2254 893 2324 tempore,
915 2263 973 2325 quo
995 2261 1053 2303 non

260 2329 408 2407 Coeperat
429 2328 556 2392 audaces
577 2328 658 2389 Paris
678 2330 834 2390 aedilicare
857 2331 979 2389 carinas.

258 2412 358 2490 Longa
382 2412 445 2472 dies
470 2413 556 2487 igitur
577 2412 646 2489 quid
667 2409 807 2471 contulit?
830 2414 923 2473 omnia
945 2411 1016 2471 vidit

259 2496 373 2556 Eversa
395 2503 425 2555 et
446 2494 566 2557 flammis
586 2495 685 2556 Asiam
710 2494 851 2574 ferroque
873 2496 1034 2555 cadentem.

261 2580 341 2641 Tunc
360 2578 446 2641 miles
469 2579 608 2641 tremulus
634 2581 730 2657 posita
753 2580 818 2639 tulit
839 2597 917 2642 arma
944 2580 1018 2639 tiara

260 2662 298 2723 Et
320 2664 376 2723 ruit
396 2672 462 2725 ante
484 2680 562 2725 aram
585 2664 686 2725 summi
709 2662 804 2740 lovis,
828 2672 858 2724 ut
880 2662 995 2724 vetulus
1012 2661 1083 2737 bos,

261 2747 318 2820 Qui
342 2747 447 2808 domini
470 2747 569 2809 cultris
591 2757 678 2811 tenue
705 2757 735 2807 et
755 2746 922 2807 miserabile
947 2746 1054 2807 collum

260 2829 401 2905 Praebet,
428 2830 466 2891 ab
487 2832 600 2907 ingrato
622 2833 678 2891 iarn
701 2832 847 2893 fastiditus
871 2839 976 2891 aratro.

260 2912 364 2974 Exitus
385 2914 436 2975 ille
458 2923 613 2993 utcumque
634 2914 776 2989 bominis,
800 2914 855 2973 sed
875 2923 959 2977 torva
980 2913 1091 2971 canino

260 2998 387 3059 Latravit
408 2998 497 3072 rictrr,
521 3015 596 3075 quae
619 3006 687 3075 post
707 2997 784 3059 bunc
804 2998 932 3070 vixerat,
954 3011 1039 3055 uxor.

261 3081 380 3140 Festino
403 3082 577 3141 adnostros
600 3090 630 3141 et
653 3098 776 3160 regem
776 3089 895 3141 transeo
916 3079 999 3139 Ponti

261 3164 299 3223 Et
321 3160 478 3239 Croesum,
502 3182 587 3243 quem
611 3181 670 3225 uox
691 3165 757 3223 iusti
779 3161 902 3225 ineunda
925 3162 1042 3223 Solonis

261 3246 425 3325 Respicere
447 3247 483 3307 ad
504 3248 611 3324 longae
631 3249 714 3309 iussit
734 3248 830 3333 spatia
851 3238 947 3306 ultima
969 3248 1058 3305 uitae.

262 3329 389 3390 Exilium
413 3338 442 3389 et
464 3348 567 3391 carcer
584 3318 847 3409 Minturnarumque
869 3329 991 3428 paludes

262 3414 300 3475 Et
323 3413 500 3475 mendicatus
521 3417 598 3475 victa
626 3413 800 3491 carthagine
821 3415 903 3493 panis

261 3497 335 3557 Hinc
358 3514 460 3557 causas
481 3497 619 3559 habuere.
653 3497 728 3571 Quid
748 3498 800 3558 illo
824 3500 890 3559 cire
912 3496 1028 3556 tulisset

262 3579 370 3640 Natura
395 3581 547 3656 interris,
573 3582 640 3659 quid
663 3582 753 3644 Roma
774 3582 886 3643 beatius
908 3597 1051 3658 nmquam,

263 3663 295 3723 Si
320 3664 514 3725 circumducto
538 3667 717 3745 captivorum
737 3668 852 3746 agmine
875 3673 905 3724 et
929 3664 1005 3723 omni
