3050 4484
624 485 660 531 D.
684 483 755 531 met.
778 484 965 534 IUVEMLIS

557 823 599 918 Ι.
625 819 741 918 lllllll
759 733 984 918 ntvttlttt
1033 913 1036 917 .

675 975 856 1054 nouimus

444 1111 1156 1223 Sd'l'llldlllllll

594 1335 713 1408 ,urens
740 1334 919 1408 sncuunus.
1041 1416 1043 1419 .

589 1634 946 1703 SATIRAVI.

270 1747 372 1838 (leno
395 1776 563 1840 Pudicitiam
586 1783 708 1843 Saturno
733 1801 805 1858 rege
828 1788 966 1842 moratam
1003 1773 1005 1777 ’

273 1861 305 1921 ln
327 1862 415 1920 terris
436 1863 586 1942 visamque
609 1866 673 1941 diu,
698 1885 784 1945 quum
806 1865 911 1942 frigida
934 1879 1040 1941 parvas

273 1944 435 2004 Praeberet
456 1947 596 2024 spelunca
619 1950 721 2023 domos
743 1953 899 2028 ignemque
919 1948 1068 2022 laremque
1192 2000 1195 2008 ,

274 2028 310 2088 Et
333 2046 425 2108 pecus
447 2039 477 2090 et
499 2030 630 2093 dominns
653 2037 795 2094 communi
818 2033 968 2094 clauderet
990 2027 1103 2095 umbra;

275 2114 445 2194 silvestrem
465 2126 599 2177 montana
619 2109 711 2178 to‘rum
731 2137 818 2198 quum
838 2123 985 2178 sterneret
1008 2129 1081 2171 uxor
1244 2122 1264 2191 e

274 2193 436 2258 Frondibus
462 2209 491 2259 et
513 2200 609 2260 culmo
629 2204 845 2280 vicinarnunque
867 2201 993 2260 ferarum

165 2309 166 2318 ¹
274 2281 419 2358 Pellibus,
443 2281 518 2344 haud
539 2285 638 2346 similis
662 2286 731 2362 tibi,
754 2284 892 2360 Cynthia,
913 2301 969 2345 nec
988 2279 1059 2355 tibi,
1081 2281 1162 2340 cuius

202 2426 206 2440 ,
274 2365 414 2432 Turbavit
435 2365 540 2428 nitidos
564 2371 724 2430 exstinctus
742 2388 847 2448 passer
868 2366 995 2441 ocellos,
1105 2402 1109 2410 ·

274 2448 333 2509 Sed
356 2451 483 2529 potanda
508 2452 608 2514 ierens
631 2453 786 2514 infantibus
809 2453 898 2514 ultera
920 2451 1043 2528 magnis,

274 2533 309 2592 lit
328 2552 419 2612 saepe
440 2535 585 2596 horridior
606 2538 741 2613 glandem
762 2545 895 2597 ructante
915 2537 1029 2596 marito.
1227 2545 1264 2597 10

274 2617 390 2695 Quippe
412 2617 496 2677 aliter
516 2627 582 2679 tunc
602 2621 674 2680 orbe
697 2639 774 2680 novo
796 2621 943 2697 coeloque
965 2617 1079 2678 recenti

272 2701 418 2760 vivebant
440 2701 589 2778 homines,
614 2705 663 2780 qui
684 2713 771 2781 rupto
794 2703 904 2763 robore
926 2704 985 2763 nati

274 2782 472 2862 compositive
495 2785 555 2846 luto
578 2787 675 2848 nullos
695 2787 826 2848 habuero
849 2796 997 2865 parentes.
1110 2819 1117 2831 ι

274 2868 361 2927 llulta
384 2869 540 2946 pudicitiae
561 2874 671 2932 veteris
692 2873 818 2948 vestigia
839 2871 939 2932 forsan

275 2953 330 3012 dut
353 2952 449 3031 aliqua
472 2956 636 3016 exstiterint
656 2965 686 3016 et
706 2945 760 3014 sub
781 2956 868 3024 love;
893 2956 947 3016 sed
967 2952 1038 3013 love
1059 2953 1183 3013 nondum
1227 2962 1262 3014 15

273 3035 414 3111 Barbato,
438 3037 562 3098 nondum
585 3035 705 3100 Graecis
728 3042 824 3100 iurare
847 3041 956 3118 paratis
1254 3033 1256 3041 ’

274 3119 329 3180 Per
350 3129 437 3199 caput
458 3121 590 3198 alterins,
615 3143 700 3202 quum
720 3125 814 3184 iurem
835 3141 919 3184 nemo
940 3123 1057 3181 timeret

274 3203 411 3264 Gaolibus
435 3214 464 3266 et
485 3205 579 3284 pomis
601 3218 630 3268 et
651 3218 753 3288 aperto
776 3212 891 3269 viveret
911 3206 1007 3266 lrorto.

273 3287 410 3348 Paulatim
431 3290 535 3350 deinde
558 3292 594 3352 ad
615 3309 740 3370 superos
761 3293 886 3355 Astraea
906 3289 1033 3348 recessit

273 3371 334 3432 llac
356 3375 478 3448 comite,
503 3383 588 3453 atque
611 3377 685 3436 duae
710 3378 820 3454 pariter
841 3375 945 3449 ingere
967 3388 1097 3432 sorores.
1227 3379 1265 3432 20

273 3457 428 3535 Antiquum
450 3466 585 3518 etvetus
608 3469 653 3520 est
675 3461 816 3533 alienum,
838 3457 991 3532 Postume,
1014 3456 1121 3517 lectum

275 3539 440 3601 concutere
462 3551 549 3621 atquc
574 3545 651 3604 sacri
673 3545 790 3619 genium
814 3551 1001 3602 contemnere
1025 3540 1120 3602 fulcri.
1151 3609 1154 3613 ¹

275 3623 364 3684 Omne
383 3626 459 3685 aliud
481 3629 589 3688 crimen
611 3643 679 3686 mox
699 3626 796 3686 ferrea
821 3626 939 3705 protulit
960 3634 1057 3686 aetas:

272 3709 413 3770 Viderunt
435 3712 543 3789 primos
565 3719 704 3788 argentea
723 3710 822 3772 secula
844 3710 995 3770 moechos.
