3050 4484
639 444 766 517 samm
787 469 847 517 ny.
1194 460 1235 526 99

246 604 406 683 Numquam
426 604 504 668 aliud
527 607 748 682 natura‚-aliud
772 610 913 687 sapientia
936 610 1014 671 dicit.

218 695 228 764 j
248 688 374 749 Acribus
395 689 541 768 exemplis
562 691 668 759 videor
687 700 717 750 te
744 690 904 753 clauderet
924 694 1016 754 misce

247 772 328 850 Ergo
352 773 459 851 aliquid
482 774 589 833 nostris
612 772 649 834 de
672 774 817 852 moribus,
840 777 927 837 ellicc
947 797 1099 858 summanr,

247 856 296 915 Bis
318 866 433 935 septem
455 856 604 917 ordinibus
619 850 713 935 'quam
738 858 789 919 lex
810 860 943 937 dignatur
964 860 1097 923 Othonis.

247 939 328 1001 Haec
351 958 468 1021 quoque
490 942 514 999 si
534 958 635 1018 rugam
657 941 743 1002 trabit
766 945 955 1023 extenditque
977 946 1139 1024 labellum,
1185 959 1238 1014 325

248 1025 336 1083 Sume
365 1024 438 1084 duos
461 1026 592 1102 equites,
616 1026 664 1087 lac
687 1027 773 1087 tertia
796 1028 1016 1107 quadringenta.

248 1106 280 1167 si
301 1107 426 1167 nondum
444 1108 563 1186 implevi
583 1111 742 1186 gremium,
770 1112 795 1169 si
818 1112 961 1190 panditur.
973 1114 1059 1189 ultra,

247 1190 312 1250 Nec
336 1188 441 1252 Croesi
463 1192 578 1253 fortuna
601 1212 734 1271 umquam
760 1213 817 1254 nec
835 1194 1072 1275 Persica'regna

249 1274 399 1335 Sufficient
421 1276 515 1335 animo
537 1294 593 1335 nec
616 1277 733 1337 divitiae
756 1277 908 1362 Narcissi,

247 1356 368 1417 Indulsit
391 1356 501 1421 Caesar
524 1361 570 1419 cui
595 1358 734 1421 Claudius
757 1363 869 1439 omnia,
892 1364 974 1423 cuins
1186 1374 1240 1429 3³0

247 1440 344 1501 Paruit
367 1444 496 1523 imperiis
519 1460 641 1503 uxorem
667 1445 806 1506 occidere
828 1448 934 1507 iussus.
1026 1488 1033 1500 ,
1089 1448 1091 1453 ’

642 1594 835 1604 ...ι-

577 1714 916 1796 snurannv.

248 1812 326 1927 Quis
349 1846 460 1921 nescit,
486 1844 590 1913 Volusi
613 1846 783 1923 Bithynice,
807 1847 906 1925 quralia
929 1848 1049 1910 demens

246 1930 401 2007 Aegyptus
422 1938 557 2008 portenta
581 1928 681 1990 colati
705 1930 877 1991 crocodilon
899 1932 1001 1993 adorat

246 2013 317 2073 Pars
339 2012 430 2088 baec,
453 2012 503 2073 illa
526 2024 615 2091 pavet
636 2022 759 2074 saturam
780 2014 968 2088 serpentibus
990 2016 1058 2074 ibin.

246 2094 371 2172 Efligies
394 2098 471 2155 sacri
494 2098 566 2155 nitet
588 2114 677 2171 aurea
699 2096 911 2174 cercopitheci,

245 2178 373 2239 Dimidio
395 2180 528 2255 magicae
554 2189 691 2242 resonant
714 2179 763 2239 ubi
785 2178 940 2240 Memnone
964 2179 1092 2241 chordae
1222 2193 1239 2245 b

246 2264 345 2341 Atque
367 2270 452 2321 vetus
477 2262 578 2323 Thebe
604 2274 718 2325 centum
742 2266 820 2324 iacet
843 2264 946 2324 obruta
969 2266 1072 2343 portis.

245 2347 311 2408 Illic
334 2346 469 2423 aeluros,
493 2347 542 2407 bic
563 2350 676 2426 piscem
699 2346 839 2425 fluminis,
863 2348 925 2407 illic

247 2430 363 2509 Oppida
384 2440 444 2490 tota
470 2448 571 2493 canem
593 2441 787 2508 venerantur,
810 2449 896 2491 nemo
918 2430 1048 2493 Dianam.

244 2514 365 2575 Porrum
389 2522 418 2573 et
437 2532 531 2594 caepe
549 2514 633 2574 nefas
655 2516 770 2577 uiolare
791 2524 821 2575 et
838 2516 976 2592 frangere
1001 2532 1116 2577 morsu:

247 2598 271 2657 0
296 2606 411 2657 sanctas
433 2608 556 2676 gentes,
582 2598 685 2679 quibus
707 2600 782 2662 baec
804 2608 960 2672 nascuntur
981 2600 1010 2659 in
1031 2600 1123 2664 bortis
1204 2612 1238 2663 lo

245 2680 382 2741 Numina!
417 2681 532 2743 Lanatis
555 2684 724 2744 animalibus
746 2684 872 2773 abstinet
895 2684 986 2743 omnis

245 2764 364 2841 Mensa,
388 2766 471 2827 nefas
494 2767 554 2827 illic
576 2768 666 2829 fetum
684 2767 822 2845 'iugulare
845 2768 995 2847 capellae:

247 2846 393 2910 Carnibus
414 2850 543 2909 humanis
565 2854 647 2911 vesci
671 2852 751 2911 licet.
784 2852 917 2911 Attonito
937 2869 1023 2930 quum
1112 2846 1121 2851 ’

246 2932 318 2994 'lale
343 2952 432 3013 super
454 2951 576 2995 coenam
600 2934 712 2995 facinus
733 2944 865 2995 narraret
884 2934 989 2994 Ulixes

245 3018 389 3095 Alcinoo,
414 3016 503 3078 bilem
525 3028 573 3079 aut
591 3020 680 3077 risum
702 3016 829 3077 fortasse
853 3018 1025 3097 quibusdam
1205 3022 1237 3074 15

245 3100 394 3177 Moverat,
417 3111 448 3163 ut
468 3103 593 3163 mendax
614 3102 797 3179 aretalogus:
827 3100 860 3160 ln
880 3120 960 3162 mare
983 3118 1069 3162 nemo

245 3180 328 3245 Hunc
352 3186 457 3263 abicit,
481 3204 570 3247 saeva
593 3186 709 3263 dignum
730 3203 861 3263 veraque
883 3182 1042 3262 Charybdi,

244 3268 416 3347 Fingentem
437 3268 815 3347 immanes‘baestrygonas
836 3278 924 3349 atque
945 3264 1116 3347 Cyclopas?

245 3354 318 3414 Nam
340 3356 423 3413 citius
447 3355 577 3430 Scyllam
597 3355 648 3415 vel
670 3356 875 3414 concurrentia
897 3371 968 3416 saxa

247 3434 373 3513 Cyaneis
395 3438 501 3517 plenos
527 3448 556 3499 et
576 3438 799 3517 tempestatibus
821 3447 901 3498 utres
1201 3444 1237 3497 aa

247 3520 428 3583 Crediderim
454 3531 502 3582 aut
522 3523 601 3582 tenui
623 3540 797 3603 percussum
816 3522 945 3582 verbere
967 3517 1070 3579 (linces

245 3604 284 3665 Et
306 3624 370 3666 cum
387 3604 546 3682 remigibus
567 3608 721 3683 grunnisse
743 3606 893 3687 Elpenora
916 3605 1030 3683 porcis:

246 3688 316 3751 'lam
339 3692 423 3750 vacui
446 3692 549 3769 capitis
571 3689 710 3769 populum
729 3688 862 3751 Phaeaca
886 3682 1079 3830 putandi-7]
