3050 4484
577 452 580 457 “
613 466 736 515 suumn
757 466 806 513 x1.

182 676 184 685 ¹
235 610 418 688 Despiciam,
445 607 491 683 qui
514 606 584 679 scit,
612 614 717 683 quanto
742 605 893 665 sublimior
915 604 998 666 Atlas

237 691 372 753 Omnibus
396 692 426 751 in
444 688 533 763 Libya
557 690 594 749 sit
615 688 775 764 montibus,
794 688 841 749 hic
861 699 956 748 tamen
976 688 1052 748 idem

236 776 370 853 Ignoret,
397 781 530 852 quantum
553 772 659 832 ierrata
683 772 770 831 distet
795 771 831 831 ah
854 790 925 839 arca

117 900 119 915 ,
237 858 387 919 sacculus.
419 854 443 915 Ε
470 855 555 915 coele
579 854 729 915 descendit
749 858 848 933 γνῶθι
871 850 1003 930 σεαυτόν,

235 939 394 1018 Figendum
416 947 445 998 et
469 940 589 999 memori
611 939 787 999 tractandum
810 948 951 1017 pectore,
974 939 1038 997 sive

237 1023 405 1101 Coniugium
426 1039 549 1101 quaeras
570 1022 619 1081 vel
640 1024 716 1081 sacri
738 1022 768 1081 iu
787 1032 870 1099 parte
892 1030 1009 1081 senatus

234 1106 310 1168 Esse
333 1106 422 1174 velis;
448 1122 543 1183 neque
570 1108 643 1165 euim
665 1106 785 1165 loricam
806 1107 902 1183 poscit
924 1102 1047 1164 Achillis

235 1190 400 1263 Thersites,
425 1191 455 1247 in
481 1206 537 1266 qua
562 1204 596 1247 se
619 1189 788 1249 traducebat
808 1188 926 1263 Ulixcs3

208 1274 398 1351 ·Ancipitem
423 1289 475 1331 seu
497 1280 528 1330 tu
553 1288 656 1348 magne
680 1272 844 1331 discrimine
867 1289 982 1340 cuasam
1054 1333 1056 1337 ,

234 1357 394 1432 Protegcre
417 1354 553 1430 allectas,
577 1364 606 1413 te
631 1355 768 1429 consule,
791 1356 839 1415 dic
858 1356 924 1432 tibi,
946 1354 995 1433 qui
1017 1353 1069 1428 sis,

235 1440 341 1500 Orator
361 1437 534 1512 vehemens,
559 1456 594 1497 an
616 1435 739 1507 Curtius
753 1447 783 1497 et
807 1438 904 1498 blatbo
928 1438 1050 1497 buccae.

234 1522 389 1593 Noscenda
413 1530 457 1581 est
481 1538 614 1579 mensura
635 1523 679 1579 sui
701 1522 918 1599 spectandaque
939 1519 1034 1602 rebus

233 1606 267 1666 lu
289 1606 402 1665 summis
425 1606 620 1682 minimisque,
643 1606 726 1665 etiam
748 1623 834 1683 qurma
856 1606 946 1681 piscis
969 1611 1093 1670 curetum

233 1688 279 1748 Ne
303 1688 419 1747 mullum
440 1689 556 1765 cupias,
580 1704 665 1765 quum
688 1689 725 1746 sit
749 1687 801 1746 tibi
823 1687 913 1764 gobio
935 1695 1042 1746 tautum

233 1772 266 1831 ln
292 1770 405 1832 loculis.
443 1769 514 1842 Quis
538 1773 611 1829 enim
635 1780 664 1829 te
687 1770 842 1830 deficiente
866 1787 1000 1831 crumena

233 1855 271 1917 Et
294 1862 447 1914 crescente
471 1853 539 1930 gula
561 1863 656 1913 manet
680 1855 793 1930 exitus,
820 1872 890 1913 acre
912 1862 1033 1933 pateruq

234 1939 280 1997 Ac
301 1937 390 1997 rebus
411 1938 513 1996 mersis
530 1938 564 1995 'in
587 1946 733 2011 ventrem,
757 1937 868 1997 fenoris
891 1946 976 2015 atque

234 2022 361 2098 Argenti
379 2022 476 2097 gravis
500 2028 529 2079 et
550 2035 689 2097 pecorum
711 2036 905 2096 agrorumque
928 2017 1086 2097 capacem?

116 2106 117 2111 ’
233 2103 353 2165 Talibus
378 2122 395 2163 a
421 2103 540 2162 dominis
565 2112 632 2180 pest
660 2112 762 2162 cuncta
786 2103 959 2161 novissimus
980 2104 1039 2161 exit

234 2188 379 2262 Annulus,
405 2195 433 2245 et
456 2187 545 2262 digito
567 2186 711 2245 mendicat
734 2185 828 2247 Pollio
855 2186 940 2246 nudo.

233 2271 299 2330 Non
323 2270 496 2348 praematuri
521 2270 635 2328 eineres
656 2286 713 2327 uec
737 2269 822 2329 iuuus
843 2269 981 2329 acerbum

233 2353 390 2429 Luxuriae,
415 2352 467 2412 sed
491 2360 583 2411 morte
606 2354 697 2429 magis
718 2353 871 2413 metuenda
894 2360 1040 2412 senectus.

233 2436 270 2497 lli
294 2438 463 2515 plerumque
484 2435 605 2512 gradus:
633 2436 775 2496 conducta
796 2437 919 2514 pecunia
939 2434 1050 2495 Romae

233 2518 273 2579 Et
295 2538 393 2580 coram
416 2520 536 2579 dominis
560 2522 749 2587 eonsumitur;
776 2519 913 2581 indeubi
934 2517 1050 2596 paulum

233 2602 343 2662 Nescio
366 2602 434 2683 quid
458 2612 592 2680 superest
615 2613 644 2663 et
663 2603 753 2682 pallet
775 2604 884 2663 fenoris
906 2609 1019 2675 auctor,

234 2686 291 2759 Qui
316 2697 434 2746 vertere
461 2686 571 2761 solum,
597 2687 734 2747 Baias.et
757 2686 793 2747 ad
813 2696 912 2747 ostrea
933 2691 1060 2744 currunt.

116 2784 117 2837 l
235 2768 351 2829 Cedere
371 2786 494 2847 namque
520 2769 586 2828 loro
610 2772 665 2829 iam
686 2788 743 2829 nou
770 2780 816 2829 est
836 2760 966 2830 deterius
987 2784 1072 2845 quam
1159 2811 1161 2815 -

234 2852 382 2931 Esquilias
409 2871 426 2913 a
450 2853 576 2911 ferventi
597 2856 721 2929 migrare
747 2854 870 2913 Subura.

116 2976 117 2981 κ
233 2934 289 2995 lile
315 2936 400 2997 dolor
424 2936 504 2995 solus
528 2938 648 3014 patriam
668 2936 858 3012 fugientibus,
885 2935 934 2994 illa

234 3018 380 3079 blaestitia
403 3029 464 3094 est,
490 3020 620 3078 carnisse
643 3036 717 3079 auno
740 3018 920 3082 circensibus
942 3035 1007 3077 uno.

235 3104 388 3179 Sanguinis
414 3106 442 3161 in
463 3103 539 3163 lucie
560 3118 618 3161 nun
639 3102 741 3163 haeret
765 3112 858 3180 guttum
884 3111 1029 3161 morantur

116 3202 117 3209 ¹
235 3186 323 3245 Pauci
347 3186 496 3259 ridiculum
531 3194 561 3245 et
598 3185 756 3263 fugientem
781 3204 820 3245 ex
839 3185 918 3244 urbe·
931 3186 1081 3264 pudorem.

277 3267 439 3348 Experiere
461 3269 564 3345 hodie,
590 3269 726 3347 numquid
745 3268 940 3347 pulcherrima
960 3268 1047 3340 dictu,

235 3350 371 3428 Persice,
397 3370 454 3412 non
474 3362 620 3430 praestem
644 3356 701 3413 vita
723 3353 772 3411 vel
794 3351 923 3411 moribus
947 3359 976 3409 et
997 3368 1041 3423 re,

116 3468 117 3513 r
187 3484 191 3491 Χ
235 3436 294 3495 Sed
318 3436 433 3497 laudem
456 3436 575 3515 siliquas
595 3437 729 3496 occultus
749 3452 863 3513 ganeo,
887 3434 984 3513 pultes

116 3516 117 3567 l
236 3516 342 3579 Coram
367 3520 431 3579 aliis
457 3518 562 3578 dictem
586 3537 695 3597 puero,
720 3520 774 3579 sed
796 3522 825 3579 iu
847 3536 918 3579 aure
940 3515 1100 3594 placentas.

234 3600 306 3662 Nam
330 3621 416 3682 quum
437 3602 477 3659 sis
500 3604 620 3662 conviva
643 3603 710 3662 mihi
732 3604 908 3681 promissus,
931 3597 1055 3659 habebis

234 3681 416 3763 Evandrum,
440 3684 541 3743 venies
565 3684 727 3762 Tirynthius
751 3694 799 3745 aut
823 3687 915 3744 minor
935 3682 986 3742 illo
