3050 4484
544 520 550 527 ,
631 462 756 513 sarran
777 464 827 512 xv.

241 608 330 674 Tunc,
344 605 421 665 rudis
443 612 472 662 et
493 599 591 661 Graias
617 605 713 663 mirari
734 604 851 663 nescius
874 610 952 661 artes

242 689 366 751 Urbibus
389 686 499 747 evorsls
521 686 691 763 praedarum
714 688 742 745 iir
766 694 985 763 partereporta

241 773 409 850 llagnorum
432 768 571 830 artificum
593 768 745 846 frangebat
766 767 872 846 poeula
892 769 987 843 miles,

241 856 279 915 Ut
299 854 425 933 phaleris
448 852 589 929 gauderet
614 870 705 930 equus
729 852 903 929 caelataque
926 852 1016 910 cassis

242 938 405 998 Romuleae
424 936 575 995 simulacra
600 937 681 995 ferae
706 936 913 995 mansuescere
938 937 1045 993 iussae>

242 1022 358 1099 lmperii
382 1020 458 1094 fato,
481 1021 612 1095 geminos
632 1018 687 1079 sub
709 1036 781 1097 rupe
804 1017 949 1091 Quirinos,

242 1106 287 1165 llo
312 1104 413 1164 nudam
433 1102 559 1178 effigiem
582 1102 679 1179 olipeo
700 1104 842 1163 venientis
863 1110 892 1161 et
913 1101 995 1161 basta

159 1191 162 1195 ’
241 1187 455 1265 Pendentisque
481 1185 526 1245 dei
551 1187 679 1262 perituro
702 1185 870 1245 ostenderet
893 1184 979 1243 boati.

242 1269 392 1329 Ponebant
414 1270 504 1345 igitur·
523 1268 619 1327 Tusco
640 1268 747 1328 larrata
767 1270 877 1338 catium
989 1279 999 1298 ·

241 1354 364 1429 Argenti
389 1352 466 1429 quod
488 1360 564 1425 erat,
588 1350 660 1409 solis
683 1351 814 1428 fulgebat
835 1347 981 1426 inarmis.

242 1434 342 1495 Omnia
364 1444 447 1510 tunc,
472 1433 574 1511 quibus
595 1434 739 1511 invideas,
764 1436 789 1493 si
811 1432 944 1491 lividulus
966 1433 1016 1490 sis.

241 1517 429 1597 Templorum
450 1534 566 1596 quoquo
586 1519 721 1585 maiestas
744 1518 925 1595 praesentior
947 1524 976 1574 et
997 1531 1056 1578 vox

241 1600 336 1671 Nocte
359 1602 422 1661 fere
442 1600 536 1662 media
557 1600 734 1677 mediamque
757 1600 851 1659 audita
871 1617 925 1677 per
945 1597 1068 1674 urbems

241 1684 338 1744 Litore
363 1684 399 1744 ab
421 1682 529 1743 Oceani
550 1683 639 1743 Gallis
659 1684 840 1743 venientibus
863 1692 892 1741 et
914 1682 958 1741 dis

242 1766 376 1827 Ollioium
397 1769 470 1827 vatis
491 1766 711 1844 peragentibus:
734 1767 779 1825 lris
801 1768 910 1825 monuit
928 1782 993 1839 nos,

242 1850 323 1911 llanc
348 1851 436 1911 rebus
458 1849 544 1929 Latiis
568 1868 664 1909 curam
689 1859 840 1927 praestare
861 1848 976 1909 solebat

240 1934 353 1994 Fictilis
380 1944 409 1994 et
430 1932 509 1993 nullo
536 1933 659 1992 violatus
684 1932 813 2011 luppiter
835 1950 916 1992 auro.

241 2017 297 2078 llla
320 2017 497 2078 dominatae
520 2025 677 2093 nostraque
705 2034 742 2075 ex
763 2016 868 2075 arbore
890 2031 1005 2074 mensas

243 2100 389 2179 Tempora
410 2100 556 2167 viderunt;
579 2099 632 2157 bos
653 2098 759 2174 liguum
783 2098 879 2157 stabat
900 2099 937 2157 od
957 2115 1036 2171 usus,

223 2184 391 2243 ·Annosam
412 2186 436 2242 si
459 2182 535 2261 ioris
554 2200 657 2241 nucem
681 2181 828 2241 deiecerat
851 2199 947 2240 eurus.

243 2268 283 2327 At
307 2286 381 2327 nunc
405 2266 538 2327 divitibus
561 2265 700 2325 coenandi
721 2264 798 2325 nulla
816 2264 962 2342 voluptas,

244 2348 292 2411 Nil
315 2348 467 2423 rhombus,
495 2348 534 2407 nil
556 2348 638 2407 dama
659 2349 749 2425 sapit,
773 2356 875 2425 putere
896 2346 1028 2405 videntur

243 2432 397 2509 Unguenta
423 2440 509 2508 atque
531 2446 633 2505 rosae,
656 2430 730 2489 latos
750 2433 805 2489 nisi
826 2432 948 2489 sustinet
970 2428 1058 2488 orbes
1111 2430 1119 2455 ⁸

244 2514 359 2581 Grande
381 2513 453 2574 ebur
475 2523 504 2573 ct
525 2531 628 2591 magno
652 2512 782 2573 sublimis
803 2514 908 2592 pardus
930 2513 1020 2588 biatu,

242 2596 386 2657 Dentibus
411 2616 448 2659 ex
473 2598 546 2673 illis,
570 2614 643 2675 quos
664 2598 746 2657 mittit
766 2607 850 2675 porta
870 2598 983 2671 Syenes

243 2678 283 2740 ltu
304 2680 395 2740 Mauri
419 2680 533 2740 celeres
557 2690 586 2740 st
606 2680 705 2740 Mauro
731 2680 883 2740 obscurior
900 2680 997 2754 ludus,

245 2764 284 2824 Et
312 2781 385 2841 quos
409 2763 543 2843 deposuit
565 2764 714 2825 Nabataeo
736 2763 834 2824 bellua
855 2764 941 2837 saltu,

244 2846 305 2909 lam
327 2848 427 2907 nimios
450 2849 592 2925 capitique
610 2866 725 2924 graves.
763 2846 835 2907 llino
860 2848 952 2922 surgit
976 2848 1083 2921 oraxis,

245 2930 318 2991 Hinc
336 2930 484 2991 stomacho
508 2931 602 2997 vires;
626 2948 689 2989 nam
711 2949 767 3009 pes
788 2938 942 3007 argenteus
966 2928 1033 3002 iltis,

246 3014 376 3074 Anuulus
399 3016 427 3073 in
453 3014 544 3091 digito
566 3014 643 3091 quod
668 3014 792 3073 ferrcus.
830 3012 912 3089 Ergo
932 3012 1088 3089 superbum

245 3094 405 3158 Convivam
428 3116 538 3172 caveo,
562 3098 610 3175 qui
630 3116 675 3157 me
697 3096 751 3157 sibi
774 3104 923 3174 comparet
945 3104 975 3155 et
995 3114 1043 3155 res

245 3180 380 3259 Despicit
404 3184 533 3258 exiguas.
568 3180 651 3241 Adeo
672 3180 751 3239 nulla
776 3183 858 3239 uncia
878 3178 961 3241 uobis

119 3266 120 3273 ’
246 3262 301 3325 Est
322 3263 420 3323 eboris
441 3282 497 3324 neo
518 3264 657 3325 tessellae
681 3280 737 3322 neo
762 3262 890 3326 calculus
915 3282 953 3323 ex
976 3263 1031 3323 lrac

246 3344 385 3423 Materia,
406 3348 473 3424 quin
497 3349 560 3425 ipsa
583 3346 728 3407 manubria
752 3346 934 3407 cultellorum

248 3428 355 3497 0ssea;
379 3447 437 3489 non
458 3439 553 3489 tamon
580 3430 625 3490 bis
649 3430 707 3491 ulla
731 3448 865 3508 nmquam
884 3431 1006 3489 obsonia
1028 3429 1096 3487 liunt

119 3526 120 3529 ’
149 3583 155 3597 ⁸
247 3510 426 3588 Rancidula‚
453 3521 501 3572 aut
522 3512 588 3573 ideo
614 3514 698 3591 peior
722 3513 829 3591 gallina
853 3522 997 3573 secatur.¹
1169 3518 1219 3573 1³5

248 3594 308 3655 Sed
330 3614 386 3655 neo
408 3604 532 3655 structor
560 3596 632 3671 erit,
657 3598 703 3657 oui
727 3597 834 3657 cedere
859 3595 965 3660 debeat
986 3596 1076 3653 omnis

246 3675 387 3755 Pergula,
410 3678 568 3757 discipulus
590 3677 731 3757 Tr'ppberi
753 3680 898 3755 doctoris,
920 3677 998 3757 apud
1022 3695 1107 3756 quom
