3050 4484
280 460 321 539 70
617 470 652 517 ιι.
670 461 743 517 tort.
767 469 951 519 munusue
1058 451 1069 483 ·’

278 608 417 685 Generis,
440 606 516 669 ia'eet
538 610 659 685 exiguus
683 626 746 669 cum
767 612 873 681 ramice
893 627 999 669 nervus
1128 603 1130 608 ’
1204 624 1256 676 205

278 696 330 769 Et,
360 695 488 771 quamvis
511 700 571 752 tota
593 692 727 771 palpetur
750 704 852 769 nocte,
878 692 995 753 iacebit.

278 779 361 838 Anne
384 776 491 855 aliquid
510 794 632 854 sperare
654 786 752 854 potest
773 778 848 842 haec
868 778 991 856 inguinis
1012 778 1094 854 aegri

171 904 174 909 ι
280 858 425 922 Canities?
454 860 521 938 quid
546 859 624 937 quod
646 862 747 920 merito
770 870 906 939 suspecta
927 861 1016 922 lihido
1039 870 1094 937 est,

278 946 360 1019 Quae
382 943 528 1003 Venerem
551 943 668 1003 affectat
690 946 751 1003 siue
774 942 904 1004 viribus?
921 942 1029 1022 Aspice
1050 947 1141 1024 partis

277 1028 360 1088 Nunc
383 1028 513 1087 damnum
535 1026 669 1094 alterius,
693 1046 756 1087 nam
780 1047 854 1107 quae
876 1037 1008 1088 cantante
1031 1028 1177 1107 voluptas,
1204 1040 1256 1093 210

278 1113 322 1172 Sit
345 1112 414 1171 licet
436 1111 573 1185 eximius,
593 1110 781 1187 citharoedo,
804 1114 879 1170 sitve
898 1112 1053 1188 Seleucus,

277 1194 315 1255 Et
337 1194 440 1275 quihus
461 1203 559 1254 aurata
579 1211 642 1252 mos
665 1204 709 1253 est
732 1193 847 1271 fulgere
868 1193 1006 1254 lacerna?

278 1278 353 1353 Quid
374 1279 490 1352 relert,
504 1277 599 1353 magni
621 1276 800 1356 sedeatque
822 1288 905 1357 parte
930 1278 1046 1355 theatri,

278 1362 334 1435 Qui
357 1362 406 1421 vix
429 1361 593 1420 cornicines
615 1361 749 1421 exaudiet
774 1365 866 1441 atquel
885 1362 1017 1422 tubarum

277 1442 465 1504 Goncentus?
490 1444 618 1503 elamore
642 1462 715 1522 opus
739 1454 801 1520 est,
824 1455 855 1504 ut
877 1446 980 1505 sentiat
1001 1449 1088 1522 auris,
1205 1457 1257 1509 215

277 1529 371 1602 Quem
397 1530 473 1587 dicat
494 1530 611 1588 venisse
635 1546 724 1605 puer,
748 1528 819 1607 quot
839 1530 950 1587 nuntiet
971 1529 1068 1590 horas.

277 1612 434 1671 Praeterea
455 1612 593 1671 minimus*
606 1612 704 1688 gelido
728 1613 784 1671 iam
805 1630 931 1690 corpore
955 1615 1070 1690 sanguia

276 1694 373 1755 Fehre
397 1694 475 1754 calet
498 1695 575 1755 sola:
600 1695 768 1755 circumsilit
792 1698 904 1774 agnnine
926 1697 1005 1755 facto

276 1777 443 1837 Morborum
468 1795 551 1837 omne
572 1796 679 1855 genum
710 1795 830 1855 quorum
854 1782 879 1839 si
902 1782 1016 1839 nomina
1037 1797 1171 1859 quaeras,

277 1862 438 1939 Promptius
463 1860 632 1939 expediam,
656 1871 726 1941 quot
748 1865 885 1922 amaverit
907 1862 1000 1942 Oppia
1021 1864 1258 1940 moechos,22tt

182 1996 183 2017 ,
278 1945 355 2019 Quot
378 1944 534 2005 Themison
553 1958 665 2021 aegros
686 1954 818 2005 autumno
841 1946 983 2006 occiderit
1007 1964 1074 2023 uno,

277 2030 355 2103 Quot
377 2028 500 2088 Basilus
511 2029 626 2104 socios,
651 2038 720 2108 quot
744 2021 1004 2111 circumscripserit
1024 2030 1124 2090 llirrus

276 2109 421 2191 Pupillos,
445 2121 515 2191 quot
541 2112 628 2189 longa
652 2114 731 2173 viros
754 2114 912 2174 exsorbeat
938 2132 994 2173 uno

275 2196 375 2257 Maura
398 2196 461 2271 die,
484 2205 555 2295 appot
578 2196 736 2275 discipulos
759 2198 877 2257 inclinet
900 2197 1054 2265 llamillus;

276 2280 445 2339 Percurram
468 2281 569 2354 citius,
597 2288 667 2357 quot
687 2280 771 2341 villas
796 2280 946 2358 possideat
967 2299 1052 2355 nunc,
1204 2291 1255 2344 tto

276 2363 341 2436 Quo
365 2362 504 2423 tondente
526 2362 624 2440 gravis
645 2364 741 2423 iuveni
764 2366 832 2425 mihi
854 2363 945 2424 barba
970 2364 1101 2425 sonabat.

275 2446 329 2505 llle
354 2446 491 2523 humero,
515 2446 562 2506 hic
584 2446 701 2524 lumbis,
731 2448 779 2507 hio
800 2466 875 2508 coxa
897 2448 1017 2516 debilis;
1042 2448 1143 2508 ambos

233 2541 235 2550 ’
275 2530 403 2589 Perdidit
426 2529 476 2591 ille
499 2530 602 2589 oculos
626 2540 655 2589 et
675 2531 764 2591 luscis
787 2533 910 2600 invidet;
937 2532 1021 2591 huius

275 2612 385 2673 Pallida
409 2613 491 2673 labra
511 2614 604 2673 cibum
627 2616 771 2692 accipiunt
792 2616 889 2693 digitis
913 2616 1025 2691 alienis,

275 2696 342 2774 lpse
365 2696 401 2757 ad
426 2706 623 2775 conspectum
637 2714 748 2758 coenae
771 2700 910 2759 diducere
930 2701 1033 2759 rictum
1124 2705 1130 2715 ¹
1203 2709 1257 2763 teo

276 2782 380 2839 Suetus
405 2778 465 2839 hiat
488 2789 611 2854 tantum,
636 2799 689 2841 ceu
713 2782 808 2881 pullus
832 2783 1004 2859 hirundinis,
1028 2782 1064 2842 ad
1087 2801 1172 2862 quem

276 2862 334 2923 Ore
354 2863 434 2923 volat
459 2864 546 2941 pleno
570 2874 660 2923 mater
685 2866 800 2926 ieiuna.
826 2867 885 2927 Sed
907 2868 983 2926 omni
1030 2904 1033 2907 -

274 2945 468 3006 llleruhrorum
490 2948 591 3007 damno
614 2949 704 3009 maior
729 2950 888 3026 dementia,
914 2969 989 3030 quae
1007 2967 1063 3009 nec
1097 3019 1100 3024 ¹
1151 2948 1154 2953 ’

274 3029 397 3090 Nomina
422 3048 572 3093 servornm
593 3048 648 3091 neo
660 3034 777 3093 vultum
801 3036 932 3112 agnoscit
950 3035 1044 3108 amici,

226 3177 229 3188 ¹
276 3112 346 3173 Gum
368 3130 424 3193 quo
448 3116 604 3213 praeterita
628 3120 762 3177 coenavit
784 3128 888 3193 nocte,
911 3133 967 3177 nec
987 3116 1067 3191 illos,
1204 3124 1257 3178 235

275 3196 356 3269 Quos
378 3199 500 3273 genuit,
517 3215 591 3277 quos
614 3200 721 3259 eduxit.
754 3200 827 3261 Nam
849 3201 951 3261 codice
975 3213 1064 3260 saevo

273 3279 405 3341 Heredes
425 3290 504 3341 vetat
527 3300 594 3341 esse
617 3300 702 3359 suos,
725 3284 802 3345 hona
824 3293 883 3343 tota
905 3284 1036 3343 feruutur

229 3380 231 3387 ¹
274 3364 320 3423 ad
346 3364 477 3433 Phialeu;
505 3374 610 3425 tanturn
632 3368 749 3427 artificis
770 3368 849 3426 valet
869 3367 974 3425 halitus
995 3368 1066 3442 oris,

274 3447 360 3520 Quod
385 3456 505 3508 steterat
523 3450 649 3510 multis
640 3468 669 3508 m
691 3468 812 3511 carcere
834 3448 955 3509 fornicis
976 3452 1066 3511 annis.

273 3529 312 3589 Ut
333 3532 450 3607 vigeant
475 3550 578 3592 sensus
604 3534 704 3608 animi,
734 3534 866 3594 ducenda
888 3542 984 3594 tamen
1005 3536 1062 3593 sint
1148 3513 1157 3572 Ι
1202 3541 1257 3595 240

273 3612 388 3673 Funera
410 3624 556 3691 natorum,
567 3631 669 3693 rogus
691 3618 874 3694 aspiciendus
900 3628 1011 3678 amatae

274 3693 413 3775 Coniugis
436 3708 466 3759 et
487 3699 583 3761 fratris
610 3700 774 3779 plenaeque
797 3701 949 3761 sororibus
974 3720 1072 3762 urnae.
