3050 4484
658 462 782 511 Sanina
803 464 838 512 X.

272 604 311 665 Ut
332 603 429 681 pueris
453 602 571 678 placeas
594 609 625 659 et
645 601 816 661 declamatio
839 600 908 659 has!

272 687 352 747 Unus
374 685 492 745 Pellaeo
514 686 609 743 inveni
633 702 690 743 non
711 684 818 743 suflicit
840 682 936 754 orbis;

273 771 395 830 Aestuat
414 768 515 829 infelix
536 776 656 845 angusto
677 767 767 829 limite
790 766 894 840 mundi,

272 854 310 913 Ut
336 851 421 927 Gyani
445 850 559 911 clausus
582 851 712 929 scopulis
734 868 882 948 paruaque
905 848 1046 947 Seripho:
1199 859 1254 915 lit)

274 936 366 1009 Quum
390 945 484 995 tamen
508 954 525 995 a
551 935 646 1011 ligariis
668 935 801 993 munitam
819 934 972 997 intraverit
993 930 1104 1007 urbem,

273 1018 461 1098 sarcophago
484 1026 636 1079 contentus
661 1019 724 1077 erit.
757 1016 846 1076 lllors
857 1015 921 1076 sola
941 1016 1057 1094 fatetur,

273 1102 415 1175 Quantula
440 1104 496 1160 sint
517 1102 659 1161 hominum
681 1100 865 1178 corpuscula.
902 1097 1036 1161 Creditur
1058 1098 1126 1157 olim

272 1184 442 1251 Velilieatus
463 1183 556 1243 Athos
576 1194 608 1246 et
631 1183 783 1261 quidquid
791 1182 914 1243 Graecia
934 1182 1059 1243 mendax

272 1268 397 1327 Audet
389 1286 417 1325 nn
438 1266 573 1341 historia,
596 1276 771 1327 constratum
792 1266 934 1327 classibus
956 1265 1048 1325 isdem
1201 1272 1255 1327 175

273 1351 515 1429 Suppositumque
538 1352 609 1411 rotis
633 1350 755 1411 solidum
777 1367 873 1418 mare;
901 1350 1046 1411 credimus
1067 1348 1143 1407 altos

271 1434 427 1493 Deieeisse
450 1450 548 1496 amnes
572 1444 716 1511 epotaque
739 1433 854 1493 llumina
878 1432 967 1493 bledo

271 1518 448 1591 Prandente,
469 1526 502 1581 et
525 1518 648 1579 madidis
670 1526 770 1577 cantat
792 1534 866 1595 quae
891 1517 1040 1576 Sostratus
1062 1514 1125 1576 alis.

270 1600 326 1661 llle
349 1609 442 1661 tamen
465 1601 558 1683 qualis
581 1602 665 1661 rediit
689 1600 831 1661 Salamine
852 1598 967 1675 relicta,

271 1682 302 1741 ln
331 1681 436 1743 Corum
458 1694 544 1762 atque
569 1682 675 1751 Eurum
701 1682 804 1747 solitus
826 1685 941 1744 saevire
966 1681 1092 1759 flagellis
1199 1691 1254 1747 180

271 1766 430 1841 Barbarus,
454 1768 560 1828 Aeolio
586 1784 736 1865 numquam
759 1766 848 1827 hoc
839 1785 868 1825 ιιι
892 1784 1015 1827 carcere
1039 1782 1155 1843 passos,

270 1848 366 1927 lpsum
389 1850 577 1928 compedibus
598 1853 646 1928 qui
668 1851 801 1925 vinxerat
821 1846 1058 1928 Ennosigaeum?

270 1930 365 1993 Mitius
391 1933 420 1993 id
442 1952 528 2001 sane;
553 1932 640 2011 quid?
664 1951 722 1993 non
747 1944 777 1993 et
800 1936 932 2010 stigmate
957 1934 1072 2011 dignuin

272 2014 422 2077 Credidit?
443 2016 510 2077 huic
536 2018 687 2093 quisquam
707 2016 800 2077 vellet
823 2018 935 2077 servire
957 2014 1101 2077 deorum?

271 2100 331 2159 Sed
354 2099 448 2177 qualis
469 2096 577 2160 rediit?
601 2118 705 2178 nempe
728 2118 784 2159 una
807 2117 895 2174 nave,
924 2100 1050 2159 cruentis
1200 2108 1254 2163 185

270 2181 419 2242 Fluctibus
443 2198 478 2241 ae
502 2183 584 2250 tarda
605 2200 659 2260 per
682 2182 772 2245 densa
795 2183 939 2252 cadavera
963 2198 1061 2259 prora.

218 2264 222 2271 ⁴
270 2263 329 2324 llas
348 2266 435 2324 toties
455 2274 553 2343 optata
577 2266 677 2342 eregit
697 2266 791 2342 gloria
816 2266 944 2343 poenas!

310 2348 355 2407 Da
375 2348 496 2425 spatium
517 2350 610 2423 vitae
639 2349 743 2408 maltos
770 2349 824 2422 da,
847 2348 998 2425 luppiter,
1020 2348 1125 2409 annos!

270 2430 334 2491 Hoc
355 2439 438 2489 recto
460 2431 556 2505 vultu,
586 2392 679 2493 rhium
700 2432 758 2491 hoc
779 2440 809 2491 et
830 2430 962 2514 pallidus
978 2440 1072 2509 optas
1214 2484 1219 2495 .

272 2515 331 2574 Sed
359 2532 443 2593 quarn
466 2516 608 2575 continuis
631 2522 662 2573 et
688 2515 799 2592 quantis
820 2513 909 2590 longa
931 2523 1069 2573 senectus
1201 2523 1255 2577 190

271 2594 359 2658 Plena
380 2598 476 2659 malis!
500 2598 659 2659 deformem
680 2606 709 2657 et
729 2605 834 2657 tetrum
855 2606 922 2658 ante
945 2598 1039 2657 omnia
1060 2596 1167 2657 vultum

270 2681 504 2759 Dissimilemque
530 2683 591 2757 sni,
615 2680 775 2742 deformem
801 2698 855 2759 pro
881 2690 947 2741 cute
971 2680 1081 2759 pellem

271 2766 492 2843 Pendentesque
511 2784 602 2843 genae
624 2774 653 2825 et
680 2765 755 2826 tales
776 2766 878 2843 aspice
901 2783 1001 2841 rugas,

272 2849 397 2924 Quales,
426 2848 598 2909 rnnbrileros
621 2848 670 2910 ubi
693 2848 791 2926 pandit
814 2846 964 2910 Thabraca
986 2847 1086 2923 saltus,

270 2932 303 2991 ln
327 2932 423 2993 vetula
450 2932 555 3011 scalpit
576 2932 632 2999 ianr
652 2940 744 2991 mater
767 2932 848 2991 simia
871 2931 972 2992 bucca.
1202 2941 1255 2995 195
1304 2971 1308 2979 ι

270 3016 393 3075 Plurima
415 3024 479 3075 sunt
502 3018 637 3075 iuvenum
662 3014 826 3075 discrimina
833 3037 841 3082 ;
866 3014 1015 3091 pulchrior
1035 3012 1087 3073 ille

270 3098 350 3175 ilco,
374 3108 459 3177 atque
482 3099 533 3159 ille
553 3100 629 3174 alio,
649 3098 767 3159 multum
789 3098 838 3159 bic
859 3096 1005 3157 robustior
1026 3096 1093 3157 illo:

271 3181 333 3243 Una
356 3200 454 3242 senum
478 3183 585 3257 iacies,
609 3200 672 3241 cum
697 3198 774 3241 voce
798 3182 950 3245 trementia
971 3179 1100 3241 membra

271 3265 385 3325 Etiam
407 3266 474 3325 leve
498 3276 584 3344 caput
604 3265 768 3344 madidique
792 3264 909 3325 infantia
931 3265 1003 3323 nasi.

189 3362 191 3377 ·
271 3348 460 3425 Frangendus
480 3351 588 3412 misero
606 3350 725 3427 gingiva
746 3351 829 3427 panis
849 3349 988 3409 inermi:
1201 3354 1256 3407 bot)

271 3432 372 3510 Usque
396 3432 469 3491 adeo
493 3434 590 3509 gravis
612 3434 696 3493 uxori
721 3434 852 3511 natisque
875 3431 1000 3509 sibique,

270 3515 309 3577 Ut
331 3517 472 3593 captatori
495 3526 610 3577 moreat
634 3516 746 3579 lasddia
770 3514 875 3576 Cosso
1213 3570 1219 3581 ι

270 3597 336 3681 Non
363 3599 464 3658 eadem
489 3602 547 3661 vini
569 3608 655 3678 atque
682 3601 756 3675 cibi,
778 3608 913 3678 torpente
938 3597 1047 3676 palato,
1137 3626 1147 3650 ι

273 3664 395 3751 Gaudia3
425 3700 489 3742 nam
515 3684 607 3743 coitus
630 3685 685 3744 iant
708 3684 797 3761 longa
822 3684 950 3758 oblivio,
973 3680 1022 3741 vel
1046 3680 1071 3739 si
