3050 4484
666 469 793 526 111111
813 471 860 518 vr.
1220 459 1263 524 tt

275 585 336 670 lam
359 609 404 669 ins
426 617 485 678 est;
511 607 632 675 admitte
651 609 747 670 viros!
762 589 805 653 -’-
822 607 882 667 lam
900 607 1006 668 dormit
1024 605 1152 685 adulter,

173 687 195 782 ὀ
276 691 329 756 1111
347 693 428 753 iultet
448 701 562 772 sumpto
585 695 718 752 iuvenem
739 708 903 771 properare
926 692 1058 761 cucullo;
1211 700 1266 757 330

278 781 309 838 Si
330 777 399 838 nihil
422 787 483 853 est,
511 779 605 838 servis
629 779 798 845 incurritur;
822 776 980 837 abstuleris
1001 795 1084 856 spem

276 863 450 938 Servorum,
472 863 552 922 veuit
571 853 604 920 'et
626 861 787 922 conductus
811 863 961 938 aquarius;
985 860 1033 920 hic
1055 864 1080 921 si

276 946 432 1019 Quaeritur
455 954 484 1004 et
506 946 610 1006 desunt
633 945 782 1020 homiues,
805 962 886 1005 mora
908 945 986 1004 11111
1008 963 1063 1022 per
1084 947 1186 1025 ipsam,

276 1029 341 1103 Quo
366 1030 458 1088 minus
482 1030 618 1108 imposito
644 1030 757 1089 clunem
778 1031 935 1088 summittat
955 1027 1060 1088 asello.

257 1113 372 1193 -Atque
396 1114 502 1172 utinam
524 1116 596 1174 ritus
618 1123 737 1174 veteres
761 1122 791 1172 et
814 1112 932 1191 publica
956 1112 1060 1172 saltem
1211 1119 1266 1175 335

263 1197 325 1256 ullis
347 1199 453 1256 iutncta
474 1197 558 1256 malis
580 1207 736 1274 agerentur
758 1215 856 1257 sacra:
879 1197 933 1256 sed
956 1213 1057 1256 omues

274 1279 426 1342 Noverunt
447 1279 538 1340 Mauri
560 1289 646 1358 atque
670 1281 746 1356 ludi,
771 1299 846 1358 quae
870 1280 991 1360 psaltria
1017 1297 1122 1358 penem
1195 1291 1199 1298 ‘

275 1363 434 1439 Maiorem,
460 1381 545 1442 quam
572 1374 637 1424 suut
662 1365 718 1424 duo
746 1363 883 1424 Caesaris
903 1365 1105 1440 Anticatones,

275 1448 365 1523 llluc,
392 1447 520 1508 testiculi
542 1447 597 1506 sibi
619 1450 754 1508 conscius
776 1449 853 1508 uude
874 1449 948 1529 iugit
967 1466 1043 1524 mus,

161 1542 163 1546 ·
226 1537 233 1558 ’
274 1531 421 1607 Intulerit,
444 1531 493 1592 uhi
516 1531 609 1592 veleri
631 1535 744 1611 pictura
769 1533 895 1608 iubetur,
1211 1539 1265 1594 340

222 1623 226 1632 '
275 1614 483 1694 Quaecumque
506 1614 625 1676 alterius
648 1635 738 1676 sexus
761 1618 869 1678 imitatu
891 1618 1012 1694 liguram
1034 1625 1089 1676 est.

274 1697 313 1758 Et
339 1702 402 1778 quis
424 1709 492 1758 tuuc
516 1699 660 1760 homiuum
683 1709 867 1780 contemptor
886 1698 1030 1761 numinis?
1053 1709 1103 1760 eut
1125 1699 1189 1777 quis

275 1785 451 1861 simpuvium
474 1783 571 1844 ridere
595 1783 707 1844 Numae
732 1787 904 1864 nigrumque
927 1787 1051 1845 catiuum

274 1865 312 1926 Et
332 1867 474 1927 Vaticano
496 1868 618 1944 fragiles
641 1869 678 1928 de
698 1879 796 1928 monte
820 1871 947 1947 patellas

274 1951 371 2012 Ausus
397 1948 480 2010 erati
503 1953 557 2012 sed
578 1971 653 2012 nuuc
675 1953 711 2012 ad
735 1972 807 2032 quas
831 1971 889 2013 uon
913 1951 1033 2013 Clodius
1056 1950 1143 2012 aras?
1210 1960 1263 2014 345

316 2035 428 2110 Audio,
454 2035 522 2113 quid
544 2045 662 2095 veteres
685 2037 754 2094 olim
777 2039 920 2097 mouentis
943 2039 1042 2096 amici:

273 2118 353 2178 Pone
377 2134 488 2193 seram,
514 2119 768 2197 prohibei-Sed
782 2124 847 2200 quis
856 2121 1003 2180 custodiet
1028 2121 1123 2198 ipsos,

275 2199 441 2262 Custodes?
468 2212 550 2262 01111
577 2212 622 2263 est
644 2213 674 2264 et
695 2202 731 2266 ab
753 2204 813 2264 illis
836 2205 937 2283 incipit
961 2220 1044 2264 uxor.

273 2283 392 2364 Iamque
416 2285 518 2345 eadem
540 2290 656 2348 summis
678 2289 789 2366 pariter
808 2290 988 2366 minimisque
1012 2286 1114 2361 libido,
1153 2298 1156 2305 '

273 2367 337 2428 Nec
359 2369 479 2445 melior,
505 2370 618 2431 silicem
642 2371 767 2450 pedibus
789 2391 865 2452 quae
886 2374 1011 2432 couterit
1032 2379 1133 2445 atrum,
1210 2380 1265 2434 35⁰

275 2451 367 2525 Quem
392 2470 467 2531 quae
489 2453 643 2531 longorum
668 2455 783 2516 vehitur
797 2458 920 2516 cervice
942 2457 1089 2531 Syrorum.

272 2536 313 2596 Ut
334 2546 451 2615 spectet
474 2537 575 2614 ludos,
605 2540 740 2600 conducit
763 2539 887 2618 Ogulnia
909 2549 1031 2614 vestem,

275 2618 418 2681 Gouducit
440 2624 577 2699 comites,
601 2625 721 2699 sellam,
745 2624 890 2702 cervical,
915 2626 1033 2698 amicas,
1070 2681 1073 2686 .

272 2703 421 2765 Nutricem
446 2715 476 2765 et
499 2707 618 2785 llavam,
644 2711 689 2769 eui
713 2710 763 2768 det
785 2707 935 2780 mandata,
957 2708 1095 2788 puellam.

272 2788 354 2848 llaec
374 2797 471 2852 temen
492 2795 605 2868 argenti
626 2803 763 2872 superest
785 2793 988 2871 quodcumque
1010 2792 1124 2871 paterni
1208 2798 1262 2855 355
1353 2840 1358 2857 ,

272 2871 397 2933 levibus
420 2874 536 2934 athletis
560 2887 589 2936 et
613 2895 683 2938 vasa
706 2879 865 2936 novissima
885 2878 982 2937 donat.

272 2955 369 3018 Multis
391 2975 440 3017 res
463 2969 585 3036 augusta
607 2960 700 3020 domi:
725 2963 779 3021 sed
798 2962 878 3020 nulla
903 2961 1043 3039 pudorem

272 3040 454 3119 Paupertatis
477 3041 582 3118 habet,
605 3061 660 3102 neo
683 3047 854 3104 remetitur
875 3043 911 3104 ad
936 3043 1025 3117 illmn,

273 3123 366 3197 Quem
387 3125 466 3186 dedit
486 3125 560 3188 hacc
577 3129 733 3206 posuitque
753 3129 878 3188 modum.
907 3126 1013 3187 Tamen
1032 3125 1103 3187 utile
1124 3126 1193 3206 quid
1211 3128 1259 3201 sit,

272 3208 456 3285 Prospiciuut
478 3211 631 3289 aliquando
653 3213 723 3286 viri,
746 3211 897 3290 frigusque
918 3212 1080 3288 famemque
1207 3219 1261 3272 360

271 3289 406 3352 Formica
428 3295 542 3355 taudem
565 3296 678 3376 quidam
699 3313 848 3374 expavere
869 3297 1020 3374 magistra:

271 3374 398 3452 Prodiga
419 3393 477 3435 uon
499 3383 587 3440 sentit
607 3389 778 3458 pereuntem
799 3381 904 3440 lamina
926 3397 1059 3446 ceusum;

271 3459 318 3518 Ac
342 3459 424 3519 velut
447 3460 587 3523 exhausta
609 3464 903 3544 redivivus'pullulet
923 3482 991 3524 arca

271 3541 409 3603 Nummus
432 3552 461 3604 et
485 3563 501 3604 e
524 3541 621 3624 pleno,
636 3548 754 3608 tollatur
778 3566 896 3627 semper
916 3563 1036 3623 acervo,

270 3625 338 3686 Nou
358 3646 490 3708 umquam
512 3640 663 3708 reputant,
686 3635 784 3709 quanti
804 3633 860 3692 sibi
880 3631 984 3708 gaudia
1008 3639 1151 3691 constent.
1206 3639 1258 3697 365

315 3713 388 3772 Sunt
410 3731 481 3793 quas
506 3713 629 3775 eunuchi
653 3715 788 3776 imbelles
808 3732 844 3778 10
866 3715 965 3776 mollia
987 3735 1105 3797 semper
