3050 4484
307 472 348 535 52
632 486 667 531 u.
690 484 760 533 rou.
782 484 968 557 rovnunnrs

351 622 422 697 Quis
443 625 554 699 grermo
573 621 675 683 Geiadi
697 622 833 701 doctique
855 623 1038 683 Palaemonis
1059 624 1153 698 affert,
1238 637 1293 691 215

309 706 450 781 Quantum
470 706 671 783 grammaticus
693 704 918 767 meruitlabori
937 715 1080 767 ettamen
1101 724 1139 765 ex
1160 709 1218 768 hoc

309 790 517 868 Quodcumque
539 798 586 849 est
607 790 715 867 (miuus
737 800 783 849 est
801 799 895 851 autem
917 808 1002 867 quam
1022 790 1147 851 rhetoris
1170 796 1256 872 aera)

307 872 450 952 Discipuli
473 882 571 932 custos
590 875 777 951 praemordet
797 883 1029 940 acoenonoetus:

307 957 346 1017 Et
367 960 415 1037 qui
432 957 596 1035 dispensat,
617 957 732 1034 frangat
754 957 819 1016 sihi.
859 956 957 1032 Cede,
980 957 1150 1031 Palaemon,

307 1038 344 1101 Et
365 1050 466 1120 patere
486 1041 552 1100 iude
573 1040 680 1118 aliquid
704 1041 898 1116 decrescere,
921 1058 980 1100 non
996 1040 1081 1101 aliter
1102 1058 1186 1119 quam
1239 1053 1296 1107 aaa)
1344 1110 1348 1118 Ι

307 1124 423 1185 Institor
443 1124 581 1184 hibernae
602 1126 710 1202 tegetis
731 1126 867 1203 niveique
890 1125 1021 1190 cadurci:

307 1208 467 1267 Dummodo
491 1226 548 1267 nou
568 1217 686 1286 pereat,
709 1208 823 1269 mediae
843 1210 922 1287 quod
942 1209 1037 1268 noetis
1058 1207 1097 1267 ab
1118 1207 1189 1267 hora

306 1293 431 1367 Sedisti,
451 1310 517 1373 qua
531 1308 615 1350 nemo
637 1292 736 1367 faber,
760 1310 817 1370 qua
838 1310 924 1352 nemo
942 1291 1077 1367 sederet,

308 1376 363 1449 Qui
386 1375 474 1435 docet
494 1374 613 1453 obliquo
636 1376 728 1436 lauam
750 1376 897 1436 deducere
917 1376 1013 1442 ferro:

212 1510 214 1517 ,
307 1458 467 1518 Dummodo
490 1476 547 1518 uon
571 1468 689 1537 pereat,
709 1460 830 1519 totidem
848 1460 989 1520 olfecisse
1011 1458 1161 1535 lucernas,
1220 1457 1293 1524 ,aas

309 1542 386 1615 Quot
406 1541 520 1602 stabant
540 1545 635 1620 pueri,
656 1562 741 1621 quum
762 1552 841 1604 totus
861 1544 985 1603 decolor
1006 1552 1087 1601 esset

306 1622 430 1685 Flaccus
449 1635 479 1684 et
499 1627 634 1687 haereret
656 1630 740 1703 nigro
757 1628 848 1704 fuligo
870 1626 990 1687 biareni.

303 1707 384 1769 'Rara
405 1718 500 1768 tamen
521 1726 652 1785 meroes,
675 1728 750 1789 quae
774 1712 940 1786 cognitione
961 1709 1067 1769 tribuni

306 1789 373 1851 Nou
395 1800 490 1867 egeat.
535 1793 595 1852 Sed
614 1810 669 1853 vos
691 1811 794 1853 saevas
816 1796 953 1872 imponite
975 1794 1071 1870 leges,

306 1872 346 1934 Ut
367 1878 554 1953 praeceptori
574 1876 729 1935 verborum
749 1878 853 1953 regula
873 1887 997 1951 constet,
1240 1886 1295 1941 230
1401 1951 1402 1956 η

307 1956 346 2017 Ut
367 1958 447 2035 legat
467 1958 618 2035 historias,
640 1970 776 2020 auctores
800 1964 914 2021 noverit
935 1978 1035 2020 omnes

308 2041 464 2121 Tamquam
485 2061 597 2120 ungnes
620 2042 786 2123 digitosque
807 2063 891 2112 snos;
915 2054 945 2105 ut
962 2044 1039 2104 forte
1061 2052 1193 2120 rogatus,

307 2125 382 2185 Dum
403 2128 476 2204 petit
496 2136 545 2186 aut
562 2128 689 2188 thermas
711 2138 759 2188 aut
781 2129 892 2189 Phoebi
914 2129 1034 2202 balnea,
1057 2128 1135 2187 dicat

307 2208 456 2270 Nutricem
476 2210 640 2286 Anchisae,
663 2229 767 2271 nomen
788 2215 967 2291 patriamque
988 2228 1135 2271 novercae

308 2293 495 2359 Anchemoli;
518 2295 610 2369 dicat,
634 2305 703 2372 quot
724 2296 851 2356 Acestes
870 2296 1087 2371 vixerit'auuis,
1239 2307 1294 2361 235

310 2374 388 2449 Quot
410 2376 500 2461 Siculi
523 2378 684 2456 Phrygibus
706 2382 765 2438 vini
789 2380 940 2440 donaverit
961 2398 1057 2440 urnas.

307 2458 441 2536 Exigite,
464 2470 494 2519 ut
515 2478 612 2521 mores
634 2472 752 2523 teneros
773 2482 828 2523 ceu
851 2464 961 2541 pollice
982 2465 1077 2538 ducat,

307 2542 346 2603 Ut
366 2546 391 2602 si
413 2546 566 2621 quiscere
587 2546 694 2610 vultum
712 2548 796 2614 faoit;
820 2550 945 2625 exigite,
969 2556 999 2607 ut
1017 2549 1055 2607 sit

308 2624 345 2685 Et
367 2636 451 2704 pater
473 2628 563 2705 ipsius
586 2640 705 2705 coetus,
728 2648 765 2688 ue
784 2633 878 2708 turpia
900 2632 1008 2705 ludant,

307 2708 352 2768 Ne
371 2710 478 2769 faciant
501 2710 623 2770 vicibus.
666 2712 731 2772 Non
753 2722 799 2772 est
819 2713 886 2774 lere
905 2722 948 2772 tot
969 2732 1126 2792 puerorum
1241 2725 1297 2777 240

309 2790 474 2852 Observare
496 2810 597 2853 manus
618 2796 780 2875 oculosque
800 2798 829 2856 iu
850 2798 907 2857 hue
927 2808 1092 2858 trementes.

307 2874 403 2952 Haeo,
426 2878 531 2956 iuquit,
556 2896 639 2939 cura:
663 2881 714 2941 sed
738 2898 823 2961 quum
846 2900 878 2941 se
899 2884 1020 2941 verterit
1040 2900 1139 2957 annus,

308 2960 437 3039 Accipe,
460 2963 565 3022 victori
588 2963 714 3044 populus
736 2966 814 3043 quod
834 2966 976 3045 postulat,
999 2983 1106 3024 aurum.

619 3328 857 3393 SATIRA
884 3328 980 3391 VIII.

307 3428 469 3522 Stemmata
493 3462 560 3541 quid
580 3459 710 3522 iaciunt?
728 3463 796 3539 quid
817 3463 953 3541 prodest,
975 3462 1110 3537 Pontice,
1134 3462 1225 3539 longo

308 3547 453 3622 Sanguine
476 3550 605 3620 censeri,
629 3547 724 3624 pictos
744 3547 901 3607 ostendere
922 3547 1017 3606 vultus

307 3627 447 3688 Maiarum
467 3638 496 3689 et
516 3638 624 3691 stantes
646 3631 674 3689 in
696 3630 827 3689 curribus
849 3631 1026 3691 Aemilianos

218 3780 221 3787 Ι
308 3709 346 3769 Et
368 3709 472 3771 Curios
493 3715 548 3772 iam
565 3714 697 3774 dimidios
718 3714 912 3793 humerosque
932 3716 1071 3774 minorem
