3050 4484
629 486 753 537 sununs
777 488 849 537 xv1.
1156 478 1215 539 105

258 616 402 691 vl’raemia
424 646 499 689 nunc
522 624 578 688 alia
604 638 691 705 atque
713 628 770 690 alia
794 626 986 689 emolumenta
1006 631 1140 696 notemus
1181 639 1217 693 35

118 724 119 729 ’
230 716 489 775 sacramentorum
526 710 696 771 Convellem
719 713 794 785 rurip
817 712 886 771 aviti

228 797 379 875 Improbum
403 804 450 857 aut
473 813 603 873 eampum
627 795 693 855 milri
714 796 739 855 si
761 795 873 854 vieinus
895 792 1012 871 ademit,

227 881 265 941 Et
287 896 400 941 eaerum
425 879 525 939 ellodit
546 878 641 937 medio
664 880 700 939 de
725 879 815 938 limite
835 894 946 953 saxum,

229 962 312 1037 Quod
333 982 398 1025 mea
421 982 485 1023 oum
518 962 616 1041 patulo
643 962 734 1021 eoluit
763 962 829 1040 puls
858 980 950 1022 annua
975 960 1056 1039 libo,

227 1046 351 1107 Debitor
373 1057 420 1105 aut
442 1055 572 1125 sumptos
595 1046 692 1124 pergit
719 1062 777 1105 nou
801 1046 928 1106 reddere
955 1063 1096 1122 nummos,
1180 1056 1216 1109 40

118 1185 122 1198 ,
226 1130 307 1190 Vana
331 1130 504 1208 suptavaeui
526 1129 626 1189 dicens
654 1129 850 1207 chirographa
872 1129 958 1205 ligni:

117 1210 119 1231 '
228 1212 449 1292 Exspectandus
473 1214 527 1272 erit
551 1214 599 1290 qui
622 1210 688 1271 lites
711 1212 829 1272 inchoet
852 1231 942 1272 annus

227 1297 327 1357 'letius
350 1297 466 1376 populi;
489 1294 542 1355 sed
564 1306 631 1355 tuno
654 1311 772 1374 quoque
790 1296 870 1356 mille
892 1295 1013 1356 lersuda

229 1380 352 1456 Taedia,
373 1380 452 1439 mille
472 1398 587 1440 morae:
611 1382 699 1438 toties
722 1380 864 1440 subsellia
887 1389 995 1440 tantum

228 1468 411 1533 Sternuntur;
436 1464 492 1523 iam
514 1464 639 1524 facundo
661 1473 791 1541 ponente
816 1464 950 1524 lacernas
1181 1473 1215 1527 to

229 1547 368 1612 Caedicio
395 1557 425 1607 et
447 1546 544 1608 Fusco
569 1549 625 1606 iam
649 1549 831 1608 micturiente
852 1549 945 1627 parati

226 1630 412 1709 Digredimur
435 1632 571 1710 lentaque
594 1631 651 1691 lori
673 1647 834 1710 pugnamus
856 1648 954 1691 arena.

226 1718 281 1776 Ast
302 1710 374 1791 illis,
400 1734 473 1795 quos
496 1733 574 1777 arma
594 1722 696 1792 tegunt
718 1715 884 1778 ethelmus
906 1714 1005 1790 ambit,

227 1800 314 1873 Quod
338 1801 476 1878 placitum
497 1807 547 1859 est·
565 1800 637 1877 ipsis
663 1808 829 1877 praestatur
849 1809 963 1879 tempus
989 1801 1105 1876 agendi,

226 1883 291 1943 Neo
315 1902 364 1943 res
387 1884 517 1943 atteritur
540 1884 628 1959 longo
651 1883 812 1943 suillamiue
835 1884 903 1943 litis.
1181 1896 1215 1948 50

227 1968 305 2027 Solis
332 1973 486 2046 praeterea
508 1967 633 2026 testandi
653 1966 791 2027 militibus
814 1968 858 2026 ius

227 2051 303 2109 Vivo
327 2060 410 2128 patre
434 2048 531 2117 datum
555 2066 636 2123 nam,
661 2066 735 2126 quae
761 2059 828 2108 sunt
848 2059 931 2128 parta
953 2048 1055 2109 labore

227 2133 367 2209 Militiae,
390 2134 499 2211 placuit
520 2150 578 2193 non
599 2149 666 2191 esse
688 2134 716 2191 in
732 2148 867 2212 empore
890 2152 1007 2209 census,

229 2217 321 2277 Omne
343 2226 424 2278 tenet
449 2218 530 2277 euius
556 2217 687 2294 regimur
709 2226 803 2295 pater.
844 2216 926 2294 Ergo
948 2216 1103 2293 Coranum,

228 2302 383 2379 signorum
403 2303 545 2362 comitem
566 2309 789 2379 rastrorumque
813 2318 882 2361 aera
904 2311 1074 2376 merentem,
1181 2312 1215 2363 55
1271 2355 1275 2364 ,

117 2404 118 2429 ÷
229 2385 366 2459 Quamvis
391 2386 447 2447 iam
471 2385 610 2445 tremulus
633 2393 730 2469 captat
753 2394 847 2463 pater.
884 2384 974 2445 'lluno
993 2385 1082 2445 lavor
1103 2399 1214 2463 aequus

227 2467 365 2528 Provehit
388 2478 417 2527 et
440 2468 563 2548 pulebro
585 2466 679 2527 reddit
702 2487 753 2529 sua
776 2470 851 2529 dona
875 2468 978 2528 labori.

226 2552 323 2630 Ipsius
345 2557 425 2611 uerte
449 2553 529 2613 dubis
553 2552 612 2612 boe
636 2552 896 2629 reteneamus,

229 2634 288 2711 Ut,
316 2637 363 2714 qui
385 2636 468 2702 fortis
491 2638 563 2711 erit,
588 2638 625 2695 sit
646 2630 831 2698 lelioissimns
852 2636 940 2712 idem,

227 2718 267 2778 Ut
293 2718 361 2779 laeti
385 2719 513 2799 phaleris
539 2736 639 2781 omnes
663 2729 695 2779 et
713 2721 865 2801 torquibus
890 2738 1000 2780 omnes.
1180 2729 1217 2783 dt)
