3050 4484
632 501 842 552 PRAEFATIO.
1176 507 1224 556 XV

243 651 374 718 -300),
392 662 492 718 eamque
501 661 544 718 per
559 654 689 704 nocturnas
700 638 881 703 comissationes
897 650 933 714 (5.
945 653 996 707 301
1008 677 1043 689 -
1051 653 1117 718 313)
1128 651 1225 706 clande-

244 734 409 803 stinorumque
430 732 577 803 religionum
593 733 732 802 spurcitiem
759 733 801 798 (v.
812 734 1004 800 314-351).
1021 749 1065 804 per
1081 735 1226 789 immodicos

245 825 356 888 sumptus
367 817 411 880 (5.
423 819 521 874 351-
529 815 614 883 355),
627 821 709 886 turpes
720 829 815 893 amores
826 815 965 881 (5306-
975 820 1049 885 397),
1062 821 1224 889 arrogantiam

246 902 283 968 (5.
290 901 459 968 seu-412),
471 899 617 954 iracundiam
625 899 829 978 (V·.4¹3·‘4¹8)
841 899 1000 971 stolidamque
1009 901 1047 955 uel
1058 901 1224 973 gymnasticae

245 987 283 1051 (5.
295 987 347 1042 419
356 1011 392 1024 -
401 985 467 1053 433)
484 983 523 1037 vel
536 983 708 1054 grmnadcae
721 982 862 1039 eruditionis
872 985 1057 1038 ostentationem
1074 986 1111 1050 (v.
1123 987 1220 1042 434-

244 1070 311 1135 456)
322 1069 352 1122 ad
364 1067 510 1122 domesticae
520 1066 641 1122 foeditatis
652 1081 736 1122 arcana
746 1068 897 1138 persequitur
914 1068 950 1141 (v.
962 1070 1014 1125 457
1023 1095 1059 1106 -
1067 1071 1132 1137 473)
1141 1088 1148 1130 ;
1158 1069 1225 1136 unde

242 1153 292 1207 iam
303 1159 385 1223 quarta
395 1151 481 1205 satirae
497 1165 552 1220 pars
563 1151 670 1220 proiecta
682 1157 708 1205 51
723 1151 886 1222 quotidianam
895 1158 999 1206 matrum
1009 1151 1111 1206 famlias
1119 1152 1224 1207 crudeli-

242 1241 318 1290 tatem
331 1236 365 1300 (v.
377 1237 429 1292 474
437 1261 472 1272 -
481 1237 545 1303 507)
557 1241 582 1288 51
592 1233 707 1290 nefandas
722 1235 913 1304 superstitiomm
916 1236 1006 1304 aperit,
1018 1236 1105 1307 quibus
1113 1251 1225 1292 summae

241 1321 333 1389 pariter
343 1325 414 1388 atque
425 1317 521 1372 infimae
531 1318 674 1373 conditionis
684 1319 798 1372 moderes
808 1333 907 1387 operam
922 1318 1222 1390 (1551(5.508-591),

242 1403 288 1456 nisi
301 1401 366 1472 qood
374 1400 419 1454 hae
430 1399 515 1454 saltem
526 1400 609 1455 liberis
618 1401 772 1471 procreandis
780 1401 861 1456 officio
871 1416 944 1458 sexus
955 1408 1073 1466 constent,
1088 1402 1143 1457 illae
1152 1403 1223 1458 abor·

120 1533 136 1558 0
241 1485 320 1550 tibus,
343 1484 520 1555 suppositione,
533 1485 646 1540 caedibus
661 1485 700 1539 vel
715 1485 809 1556 tragica
824 1486 933 1555 exempla
948 1493 1062 1556 superent
1073 1487 1109 1552 (5.
1123 1491 1222 1545 591-

242 1569 317 1637 681).
352 1567 501 1638 Quamquam
517 1569 601 1638 paucis
618 1569 656 1623 his
680 1568 750 1623 lineis
768 1568 886 1624 obenima
903 1570 1092 1641 eloquentissimi
1110 1572 1223 1626 carminis

240 1653 324 1724 imago
340 1667 389 1706 uon
406 1651 548 1713 absolvitur:
565 1652 590 1708 id
606 1653 685 1723 ipsum
697 1661 776 1707 tamen
787 1667 861 1724 quum
872 1666 952 1723 nuper
958 1654 1064 1727 eleganti
1081 1653 1222 1724 interpreta-

240 1736 307 1791 tione
316 1735 483 1790 illustrandum
496 1735 542 1790 sibi
553 1738 705 1807 proposuerit
715 1736 868 1792 muliebrium
884 1744 1033 1792 secretomm
1043 1739 1221 1807 experientissi-

240 1833 295 1874 mus
310 1820 405 1891 collega
416 1817 541 1874 Eduardus
557 1819 587 1874 de
598 1819 711 1887 Siebold‚
731 1821 761 1876 ad
774 1820 846 1874 huius
856 1822 1055 1876 commentarium
1071 1821 1221 1894 ansvigae

240 1907 310 1962 1854
328 1903 419 1958 editum
429 1903 562 1958 lectoribus
576 1903 682 1959 remissis
693 1905 757 1960 tertii
768 1904 822 1960 libri
838 1904 924 1960 satiras
933 1911 961 1960 ut
971 1905 1062 1960 ambitu
1072 1906 1178 1960 minores
1187 1907 1221 1960 ita

240 1986 270 2042 ad
282 1986 525 2042 circumscribendum
543 1987 702 2058 expeditiores
721 1989 877 2043 inveniemus
906 1988 999 2059 Nempe
1014 1989 1115 2061 neptrico
1128 1989 1221 2046 studio·

239 2085 293 2125 mm
312 2078 336 2125 et
346 2086 414 2141 spem
432 2076 457 2124 et
474 2071 592 2126 rationem
603 2087 699 2128 omnem
717 2073 743 2126 in
753 2073 806 2126 solo
825 2072 1081 2142 imperatorepositam
1098 2074 1220 2144 agnoseit,

117 2165 120 2174 ·
239 2169 311 2227 quem
327 2153 454 2210 Traianum
469 2154 606 2209 habendum
625 2171 678 2210 eme
696 2157 720 2210 in
736 2155 848 2210 Prooem⁸
858 2156 915 2210 leet
927 2153 992 2210 Gott
1010 2158 1079 2214 1843
1095 2157 1181 2219 certis,
1191 2165 1219 2211 nt

238 2237 391 2302 miltiadem,
405 2239 554 2310 argumentis
565 2239 637 2300 evici;
648 2239 720 2294 huius
731 2249 811 2293 autem
822 2239 1052 2308 bonorempraeiata
1063 2240 1218 2307 (ul-21)

238 2322 302 2392 apud
314 2322 419 2392 reliquos
431 2322 541 2392 aequales
551 2321 616 2376 nulla
628 2323 703 2377 literis
712 2324 817 2392 praemia
827 2330 870 2376 aut
879 2322 995 2391 praesidia
1006 2329 1088 2392 parata
1098 2337 1151 2376 esse
1160 2336 1219 2393 que·

237 2405 299 2459 ritur
308 2404 467 2476 miseramque
483 2403 631 2458 emditorum
642 2405 804 2460 conditionem
821 2420 864 2475 per
877 2406 982 2476 quinque
992 2420 1083 2478 genera
1093 2413 1220 2475 poetarum

238 2489 274 2554 (5.
285 2491 320 2545 22
329 2515 364 2527 ·-
373 2490 436 2558 97),
454 2486 624 2548 umerorum
638 2489 675 2556 (5.
685 2493 721 2548 98
733 2517 766 2528 -
775 2491 854 2558 105),
875 2488 1050 2545 causidieomm
1067 2488 1218 2555 (5106-

236 2575 316 2646 149),
333 2572 457 2632 rhetorum
469 2575 505 2641 (5.
518 2578 571 2631 150
582 2601 618 2612 -
627 2577 706 2644 114),
719 2574 933 2644 grammaticorum
955 2573 1173 2641 (5.115-143)
1185 2573 1219 2627 115

237 2661 362 2728 describit,
380 2667 408 2715 ut
419 2674 475 2714 oum
486 2658 656 2730 opulentorum
672 2657 784 2713 sordibus
793 2658 865 2713 mmnl
881 2664 962 2712 155155
974 2658 1050 2728 ipsam
1060 2658 1162 2712 istorum
1173 2655 1217 2712 bo·

173 2778 176 2788 1
236 2746 328 2800 minum
337 2746 466 2800 5551151555
477 2743 507 2798 ad
518 2743 578 2796 lucri
590 2743 725 2812 cupidinem
733 2736 892 2812 compositam
902 2739 978 2796 rideat
985 2757 1062 2812 eoque
1071 2741 1136 2796 15515
1148 2741 1219 2794 lune·

237 2837 298 2883 stam
315 2829 431 2900 pecuniae
441 2827 489 2882 vim
507 2827 532 2880 iu
543 2824 591 2881 boo
601 2835 797 2898 quoquegenere
809 2826 907 2896 ancipiti
917 2840 1018 2880 censura
1028 2832 1104 2881 notet.
1134 2823 1218 2894 Neque

238 2919 334 2968 5515555
348 2913 428 2967 minus
438 2911 560 2966 luculenta
571 2910 698 2980 descriptio
710 2917 761 2971 est;
775 2911 844 2965 onius
854 2924 929 2981 55555
939 2910 1077 2964 universum
1087 2923 1218 2980 argumen-

236 3003 288 3050 tum
299 2997 323 3051 io
334 2997 420 3052 stolida
430 2994 561 3050 nobilitatis
577 2995 712 3066 arrogantia
726 3001 848 3059 versemur,
859 2993 924 3048 unde
934 2992 1061 3049 Ponticum
1077 2991 1218 3047 adolescen-

236 3087 285 3132 tem
294 3081 324 3134 ad
333 3081 428 3135 virtutis
438 3080 515 3134 551155
525 3078 683 3132 imitationem
694 3078 820 3133 traducere
825 3077 914 3140 studet,
926 3077 1030 3146 primum
1036 3075 1216 3130 maiorumlau-

237 3161 306 3225 dem,
324 3165 369 3218 nisi
384 3171 537 3233 posterorum
554 3161 645 3217 meritis
662 3168 790 3234 aequetur,
810 3161 848 3215 bis
865 3161 924 3230 ipsis
939 3160 1037 3215 officere
1054 3160 1133 3230 magis
1143 3173 1217 3230 qtram

236 3243 350 3316 prodesse
360 3248 463 3302 ostendit
475 3237 513 3313 (v.
525 3253 539 3303 1
551 3273 587 3284 -
598 3247 660 3314 70);
675 3245 760 3300 deinde
770 3245 845 3300 nobiti
855 3244 1015 3308 adolescenti,
1033 3244 1074 3315 qui
1085 3241 1218 3298 maioribus

237 3329 325 3400 dignus
335 3327 387 3384 fieri
403 3332 496 3400 cupiat,
514 3345 589 3402 quom
599 3330 645 3385 alia
657 3335 785 3399 praecepta
799 3336 851 3384 tum
862 3329 998 3398 prouinciae
1008 3336 1074 3382 recte
1084 3334 1110 3381 et
1119 3327 1215 3396 integre

237 3413 435 3469 administrandae
450 3415 518 3484 leges
535 3413 576 3469 dat
592 3414 629 3480 (v.
642 3414 675 3469 71
684 3441 720 3452 -
731 3416 810 3482 141);
821 3412 879 3468 binc
889 3412 920 3468 ad
929 3413 1019 3483 reliqua
1029 3410 1146 3466 nobilium
1157 3409 1216 3464 uitia
1285 3418 1289 3431 ¹

235 3503 384 3569 trmsgressa
401 3498 639 3568 generosissimarum
664 3491 808 3552 familiarum
830 3496 917 3566 probra
933 3495 1076 3566 turpissimis
1092 3493 1214 3559 Laterani,

236 3580 380 3654 Damasippi,
394 3579 495 3636 Gracchi
505 3581 626 3652 ipsiusque
634 3581 738 3638 Neronis
747 3581 864 3651 exemplis
873 3581 986 3650 proponit
991 3579 1028 3645 (5.
1037 3579 1213 3644 141-13011

235 3673 355 3735 postremo
366 3672 394 3721 ut
405 3665 518 3720 virtutem
534 3664 610 3720 solam
620 3670 691 3736 atque
702 3665 798 3720 unicam
806 3663 956 3718 nobilitatem
968 3677 1021 3716 esse
1030 3661 1101 3730 plene
1111 3660 1213 3715 demon·

235 3755 306 3816 stret,
325 3755 461 3820 comparata
472 3747 589 3803 nobilium
606 3747 797 3819 ignobiliumque
813 3747 938 3802 homiuum
951 3747 1065 3800 memoria
1077 3752 1114 3799 tot
1123 3744 1211 3799 borum

235 3830 348 3890 beneficia
359 3843 418 3906 quot
428 3833 524 3890 illomm
534 3831 626 3905 tlagitia
638 3839 748 3888 constare
758 3832 831 3888 docet
844 3831 880 3899 (5.
887 3832 1054 3900 aer-268),
1066 3840 1211 3900 quamquam
