3050 4484
307 432 348 494 bo
617 444 652 489 n.
675 441 746 491 rum.
765 442 951 490 rovensem

191 608 197 629 i
306 584 389 644 Unde
413 580 538 656 habeas,
561 580 673 659 quaerit
694 597 796 654 nemo,
818 580 871 641 scd
893 590 1009 661 oportet
1032 580 1156 643 babere:

305 666 369 727 lloc
391 673 549 725 monstrant
571 663 687 724 vetulae
711 666 809 741 pueris
833 664 1000 743 repentibus
1023 682 1119 741 assae,

278 749 369 824 ,Hoc
385 750 504 825 ¹discunt
528 764 627 808 omnes
651 756 716 807 ante
738 747 826 827 alpba
850 758 879 809 et
900 748 968 809 beta
989 748 1116 827 puellae.
1130 782 1172 795 -

305 831 423 911 Talibus
445 834 596 892 instantem
616 833 729 891 monitis
755 849 965 910 quemcumque
988 843 1138 910 parentem
1232 846 1281 900 llo
1388 879 1391 902 .

305 919 354 977 Sic
378 934 495 995 possem
517 916 614 977 alieri:
639 915 710 991 Dic,
734 932 751 975 ο
775 917 945 991 vanissime,
971 917 1036 993 quis
1061 926 1090 979 te

303 1000 455 1060 Festinarc
478 996 578 1059 iubet?
601 999 751 1059 meliorem
777 1008 894 1077 praesto
916 1002 1056 1077 magistro
1092 1034 1099 1054 .

303 1084 492 1163 llircipulum.
533 1084 659 1143 Securus
688 1082 748 1150 abi;
773 1084 926 1157 vinceris,
941 1092 973 1143 nt
992 1083 1067 1143 Aiax

302 1169 454 1229 Praeteriit
480 1166 682 1241 Telamonem,
705 1176 735 1227 nt
756 1164 845 1227 Pelea
866 1167 936 1227 vicit
957 1166 1100 1229 Achilles.
1324 1244 1329 1248 ¹
1389 1229 1390 1240 ,

292 1249 480 1313 'Parcendum
502 1260 548 1311 est
569 1251 693 1311 teneris:
721 1250 845 1311 nondum
868 1251 1028 1330 implevere
1048 1252 1190 1313 medullas
1232 1264 1280 1319 215
1389 1251 1391 1308 i

303 1334 431 1395 blaturae
456 1334 531 1395 mala
557 1334 717 1413 nequitiam
741 1344 786 1394 ast
808 1353 894 1413 quum
916 1344 1037 1413 pectere
1058 1335 1175 1400 barbam
1389 1323 1390 1384 i

304 1417 444 1498 Coeperit
465 1428 494 1478 ct
517 1418 597 1495 longi
618 1434 784 1478 mucronem
807 1418 957 1479 admittere
982 1419 1075 1495 cultri,

302 1502 406 1563 Falsus
431 1504 486 1563 erit
507 1504 609 1576 testis,
634 1502 741 1563 vendet
763 1504 889 1580 periuria
911 1521 1020 1563 summa

302 1585 416 1663 Exigua
439 1595 468 1645 et
491 1582 608 1647 Cereris
631 1593 753 1663 angers
777 1604 912 1664 aramque
939 1586 1110 1667 pedemque.

302 1668 415 1729 Elatam
440 1672 495 1729 iarn
522 1669 610 1729 erede
634 1688 753 1745 nurum,
777 1671 802 1729 si
825 1670 920 1731 limina
942 1680 1039 1731 uestra
1088 1739 1092 1752 1
1231 1684 1282 1740 220

302 1750 452 1813 Mortifera
478 1770 541 1811 cum
566 1752 633 1811 dote
655 1753 745 1812 subit:
770 1753 874 1831 quibus
900 1753 949 1813 illa
973 1764 1120 1833 premetur

239 1877 241 1881 .
301 1836 358 1897 Per
380 1853 508 1895 somnum
530 1834 639 1913 digitis!
662 1854 726 1896 nam
748 1853 823 1914 quae
844 1847 980 1916 terraque
1002 1841 1130 1917 marique

301 1919 487 1997 Adquirenda
509 1928 607 1999 putas,
628 1918 747 1979 brevior
772 1921 817 1980 via
841 1921 974 1981 conderet
997 1922 1049 1983 illi.

302 2004 404 2065 Nullus
432 2005 506 2064 eninr
529 2004 625 2081 magni
647 2003 772 2065 sceleris
795 2004 887 2065 labor.
922 2004 1001 2067 llaec
1024 2024 1083 2085 ego
1106 2013 1263 2089 numquam

300 2086 450 2164 Mandavi,
476 2088 556 2148 dices
585 2088 668 2163 olim,
692 2106 748 2149 nec
774 2089 840 2149 talia
867 2091 959 2157 suasi;
1228 2103 1281 2155 225
1389 2097 1390 2100 ’

300 2170 406 2231 Mentis
430 2189 517 2231 eausa
537 2172 631 2232 malae
654 2180 749 2235 tamen
773 2179 870 2231 estet
892 2174 975 2249 origo
996 2191 1089 2250 penes
1109 2184 1149 2236 te.

300 2252 373 2315 Nam
395 2256 524 2334 quisquis
548 2252 642 2332 magni
665 2274 771 2317 census
794 2257 945 2335 praecepit
967 2274 1104 2334 amarem,

288 2338 337 2423 ,Et
362 2339 448 2399 laevo
474 2340 580 2399 mnnita
605 2357 713 2417 pueros
739 2340 872 2417 producit
897 2351 1025 2415 avaros,

302 2423 351 2502 {Et
374 2426 422 2499 qui
438 2441 492 2501 per
516 2424 632 2487 fraudes
655 2425 824 2502 patrimonia
848 2424 1078 2504 conduplicare}

299 2506 356 2566 Dat
378 2506 543 2567 libertatern
565 2516 593 2570 et
613 2517 689 2571 totas
712 2508 830 2569 eliundit
852 2508 981 2570 babemus
1229 2522 1283 2577 230

300 2588 470 2659 Curriculc;
497 2608 582 2669 quem
605 2594 631 2651 si
654 2608 796 2665 revoces,
826 2591 986 2651 subsistere
1009 2595 1102 2654 nescit

299 2672 336 2740 Et
358 2683 387 2733 te
418 2683 583 2751 contempto
610 2676 719 2751 rapitur
741 2677 883 2752 metisque
906 2675 1026 2736 relictis.

299 2756 391 2817 Nemo
418 2758 488 2817 satis
511 2758 603 2817 credit
625 2766 731 2817 tantum
753 2758 940 2837 delinquere,
964 2770 1099 2837 quantum

299 2841 466 2911 Permittas;
493 2842 567 2901 adeo
592 2841 741 2918 indulgent
765 2842 821 2902 sibi
845 2843 931 2903 latius
951 2844 1017 2922 ipsi.

300 2924 393 2996 Quum
418 2925 491 2985 dicis
517 2928 614 2985 iuveni
639 2927 756 2987 stultum
766 2971 781 3000 ,1
802 2928 850 3004 qui
873 2927 961 2987 donet
983 2930 1087 3003 amico,
1229 2939 1283 2993 2³5

300 3008 356 3080 Qui
379 3018 584 3087 paupertatem
599 3010 677 3071 levet
698 3009 870 3089 attollatque
893 3013 1057 3092 propinqui,

225 3140 229 3147 s
298 3090 335 3150 Et
359 3092 488 3169 spoliare
510 3094 600 3155 doces
623 3105 652 3154 et
678 3094 918 3156 circumscribere
945 3105 974 3155 et
997 3097 1073 3155 omni

298 3174 423 3236 Crimine
447 3177 568 3239 divitias·
584 3174 753 3255 adquirere,
779 3196 897 3256 quarum
920 3195 1002 3239 amor
1022 3182 1051 3239 in
1072 3188 1101 3239 te

299 3259 427 3332 Quantus
456 3270 518 3321 erat
541 3262 651 3339 patriae
670 3260 828 3323 Deciorum
847 3263 877 3320 in
897 3271 1035 3339 pectore,
1058 3272 1193 3343 mantum

297 3343 406 3402 Dilexit
431 3344 564 3417 Thebas,
588 3346 612 3403 si
635 3344 757 3407 Graecia
777 3362 865 3419 vera,
890 3344 1084 3416 Maesessum
1129 3378 1134 3381 ·
1226 3358 1284 3413 240

297 3424 329 3485 ln
359 3444 479 3505 quorum
503 3428 591 3488 sulcis
617 3428 750 3505 legiones
775 3427 908 3488 dentibus
929 3433 1031 3508 anguis

299 3508 369 3569 Cum
393 3511 496 3589 clipeis
516 3520 671 3573 nascuntur
697 3522 725 3572 et
748 3512 865 3573 horrida
885 3513 964 3576 bellu
988 3524 1147 3593 capessunt

296 3591 457 3670 Continuo,
482 3604 624 3674 tamquam
651 3604 678 3655 et
699 3596 817 3657 tubicen
835 3599 994 3658 surrexerit
1017 3615 1081 3659 una.

298 3674 377 3753 llrgo
403 3679 516 3755 ignem,
541 3680 621 3739 cuius
646 3680 788 3742 scintillas
816 3682 881 3759 ipse
901 3680 1017 3759 dedisti,
