3050 4484
288 476 325 536 14
607 487 643 533 11.
666 485 737 533 run.
760 483 946 533 rnvuuxnrs
1060 554 1063 560 Ι

285 629 423 707 Pauperis
447 627 494 686 hic
514 626 662 701 meritum,
681 627 706 685 11
728 633 811 704 curet
830 633 917 685 nocte
938 632 1056 700 togatus

286 711 427 786 Currere,
450 719 673 788 quumpraetor
695 709 828 769 lictorem
848 707 978 786 impellat
997 717 1027 766 et
1046 709 1089 768 ire

284 795 477 892 Praecipitem
499 793 614 868 iubeat,
636 794 740 854 dudum
761 792 945 870 vigilantibus
968 790 1059 868 orbis,

284 878 329 938 Ne
351 880 431 956 prior
453 876 586 936 Albinam
609 885 638 935 et
660 875 786 936 llodiam
805 875 925 974 eollega
947 873 1075 934 salutet?
1219 885 1271 940 130

284 962 386 1022 Divitis
408 961 456 1020 hie
478 961 556 1018 servi
579 959 685 1020 claudit
706 959 811 1018 latus'
781 975 992 1058 rngenuorum

284 1045 600 1116 Filius;alterenim,
624 1028 810 1120 quantumin
833 1043 950 1119 legione
970 1041 1076 1102 tribuni

284 1129 456 1207 Accipiunt,
480 1128 566 1187 donat
590 1124 725 1185 Calvinae
745 1127 795 1185 vel
819 1124 968 1199 Catienae,

283 1213 321 1273 Ut
340 1211 432 1270 semel
466 1221 514 1271 aut
546 1211 649 1271 iterum
681 1215 770 1288 super
791 1209 869 1268 illam
891 1208 1028 1287 palpitet:
1050 1219 1079 1268 at
1100 1219 1141 1287 tu,

285 1296 378 1369 Quum
400 1294 450 1353 tibi
468 1295 564 1352 vestiti
584 1293 676 1354 iacies
700 1293 789 1352 scorti
807 1293 923 1370 placet,
947 1292 1053 1352 haeres
1216 1304 1270 1359 135

283 1378 321 1438 Et
342 1377 455 1438 dubitas
477 1377 534 1436 alta
558 1372 688 1436 Chionen
711 1377 859 1436 deducere
879 1376 964 1436 sella.

283 1463 328 1522 Da
350 1471 455 1520 testem
471 1458 580 1520 Romae
597 1459 821 1536 tam'saocturu,
844 1477 928 1538 quam
949 1459 1002 1519 fuit
1023 1459 1132 1540 hospes

283 1546 412 1606 Numinis
435 1543 531 1617 ldaei,
554 1545 694 1622 procedat
715 1543 765 1603 vel
784 1543 875 1603 Numa
895 1543 945 1602 vel
968 1546 1016 1622 qui
1172 1614 1175 1627 Ι

285 1629 418 1690 Servavit
438 1627 577 1706 trepidam
599 1627 730 1704 flagranti
746 1645 787 1686 ex
807 1627 881 1687 aede
903 1625 1074 1686 Minervam:

179 1785 181 1790 .
284 1713 416 1774 Protinus
438 1711 474 1771 ad
495 1710 626 1778 censum;
650 1711 686 1770 de
708 1710 837 1770 moribus
858 1710 958 1770 ultima
979 1711 1029 1769 fiet
1107 1722 1110 1729 ’
1217 1721 1270 1775 140

285 1795 440 1870 Quaestio:
464 1803 534 1872 quot
551 1795 643 1872 pascit
665 1791 790 1853 servos?
808 1803 878 1872 quot
898 1794 1030 1872 possidet
1049 1796 1114 1870 agri-

283 1876 409 1956 Iugera?
432 1895 515 1956 quam
534 1878 620 1936 multa
642 1895 804 1955 magnaque
826 1877 984 1956 paropside
1006 1876 1132 1937 coenati

284 1963 426 2036 Quantum
450 1963 572 2039 quisque
596 1979 646 2020 sua
668 1974 845 2022 nummorum
867 1971 965 2021 servat
984 1963 1012 2020 iu
1034 1979 1112 2036 arca,

285 2046 405 2106 Tantum
426 2044 514 2104 babet
535 2053 564 2104 et
585 2045 651 2104 fidei
659 2067 666 2114 ;
689 2047 767 2104 iures
789 2044 860 2104 licet
882 2054 912 2104 et
932 2045 1151 2105 Samotbracum

284 2129 321 2189 Et
339 2138 503 2190 nostrorum
524 2145 608 2205 aras,
631 2138 818 2188 contemnere
840 2129 957 2189 fulmina
979 2147 1090 2206 pauper
1217 2139 1269 2193 ltt
1407 2136 1408 2175 ἓ

285 2212 419 2273 Creditur
437 2221 522 2290 atque
543 2212 632 2288 deos,
651 2214 694 2273 dis
716 2211 935 2290 ignoscentibus
956 2214 1039 2290 ipsis.
1342 2211 1345 2216 ’
1399 2208 1402 2221 “

285 2296 359 2371 Quid
379 2296 457 2374 quod
479 2298 626 2357 materiam
645 2297 768 2374 praebet
787 2304 949 2375 causasque
970 2298 1100 2355 iocorum

284 2379 421 2439 Omnibus
443 2380 490 2439 bic
511 2381 602 2456 idem,
624 2382 648 2438 si
668 2380 755 2440 foeda
779 2389 809 2440 et
830 2382 923 2440 scissa
945 2380 1073 2455 lacerna,

284 2465 315 2522 Si
337 2473 405 2540 toga
426 2463 573 2522 sordidula
594 2473 638 2522 est
661 2473 690 2523 et
711 2474 795 2542 rupta
815 2464 933 2524 calceus
953 2464 1028 2524 alter

263 2546 365 2636 (Pelle
387 2555 482 2624 patet,
503 2545 552 2604 vel
575 2547 599 2604 si
622 2557 742 2606 consuto
766 2547 887 2608 vulnere
908 2565 1036 2606 crassum
1216 2557 1267 2610 rso

211 2630 214 2641 “
284 2629 380 2706 Atque
399 2646 505 2686 recens
526 2628 613 2686 linum
633 2630 758 2688 ostendit
780 2647 837 2688 non
858 2648 914 2690 uua
935 2629 1077 2689 cicatrix?

283 2711 330 2770 Nil
350 2711 439 2786 habet
460 2711 562 2770 inielix
583 2721 739 2790 paupertas
761 2713 860 2772 durius
880 2714 910 2771 111
932 2731 976 2788 se,

285 2795 376 2868 Quam
399 2795 476 2873 quod
497 2795 636 2855 ridiculos
658 2795 789 2855 lromines
809 2797 888 2856 lacit
932 2796 1044 2873 Exeat,
1067 2798 1167 2876 iuquit,

285 2877 315 2939 Si
337 2878 430 2956 pudor
452 2887 512 2954 est,
534 2887 563 2938 et
584 2879 621 2938 de
640 2880 756 2958 pulvino
779 2889 879 2958 surgat
900 2882 1040 2960 equestri,

226 2992 232 3010 ι
285 2959 373 3021 Cuius
394 2980 443 3020 res
465 2962 524 3040 legi
545 2981 603 3023 non
626 2964 748 3040 suflicit,
773 2973 804 3023 et
820 2964 941 3024 sedeant
960 2964 1008 3024 bic
1214 2972 1302 3048 1511,

283 3045 430 3105 Lemonum
452 3048 534 3124 pueri
559 3044 741 3126 quocumque
761 3049 789 3106 iu
811 3048 924 3108 fornice
943 3050 1017 3116 nati;

283 3129 337 3188 llic
358 3129 475 3207 plaudat
496 3131 576 3190 nitidi
596 3127 750 3209 praeconis
772 3131 847 3192 lilius
867 3133 943 3191 inter

284 3213 427 3290 Pinnirapi
447 3212 540 3272 cultos
561 3216 682 3274 iuvenes
699 3215 879 3292 iuvenesque
901 3212 1036 3274 lanistae:

285 3296 334 3355 Sic
349 3295 458 3355 libitum
474 3313 564 3372 vano,
585 3299 632 3376 qui
654 3313 707 3356 nos
729 3299 873 3373 distinxit,
895 3296 1010 3357 Othoni

286 3377 356 3452 Quis
378 3397 470 3456 gener
489 3379 536 3440 hic
558 3380 667 3457 placuit
690 3398 779 3442 censu
800 3381 893 3440 minor
908 3389 996 3458 atque
1016 3381 1134 3459 puellae
1216 3389 1268 3446 160

286 3463 443 3522 sarcinulis
465 3459 576 3544 impar?
597 3465 661 3541 quis
681 3481 796 3542 pauper
813 3463 948 3523 scribitur
968 3463 1078 3524 lueres?

286 3543 434 3618 Quando
426 3565 454 3605 rn
477 3547 597 3606 consilio
616 3555 662 3606 est
682 3544 846 3606 aeditibus?
866 3549 981 3625 agmine
1002 3549 1080 3608 iacto

285 3625 452 3689 Debuerant
472 3631 539 3690 olim
558 3640 660 3690 tenues
681 3631 824 3708 migrasse
845 3631 981 3706 Quirites.

284 3709 367 3774 llaud
387 3711 473 3774 facile
497 3723 663 3792 emergunt,
686 3731 807 3794 quamn
825 3717 977 3777 virtutibus
999 3715 1096 3776 obstat
