3050 4484
296 438 336 498 24
618 451 653 497 o.
676 447 747 496 rura.
771 447 958 496 ruvurrnura

229 617 232 628 ⁴
296 591 369 651 'loti
391 587 542 649 salutatrix
563 589 618 648 lam
640 588 723 649 turba
743 590 894 668 peregerit
916 585 1018 646 orbern

296 673 444 736 Sideribus
467 671 560 732 dubiis
584 680 633 732 aut
653 669 705 732 illo
728 681 877 751 tempore,
901 687 958 748 quo
981 675 1033 728 se‘

295 755 411 834 Frigida
433 757 631 833 circumagunt
652 757 728 856 piqri
752 771 872 817 aem-noa
893 753 1016 819 bootae

296 841 396 916 Qualis
420 855 512 898 soona
533 837 649 899 tamen?
666 843 779 916 viuum,
806 839 885 918 quod
906 837 1025 898 suooida
1047 836 1118 898 nolit

231 967 236 977 .
294 925 370 987 Lana
390 923 464 1002 pati;
488 921 524 982 de
545 924 667 984 oonvira
686 921 852 1009 Corybanta
874 919 997 982 videbis

294 1007 390 1084 Iurgia
411 1003 579 1086 proludunt3
603 1007 657 1066 sed
679 1023 747 1066 mox
770 1015 800 1066 et
821 1005 929 1085 poeula
950 1012 1071 1082 torques

295 1091 416 1152 Saucius
442 1099 471 1150 et
492 1089 577 1150 rubra
598 1090 735 1166 deterges
758 1090 878 1150 vulnera
899 1105 1014 1166 mappa,

294 1175 372 1234 luter
393 1191 447 1233 vos
470 1176 584 1252 quoties
606 1173 833 1252 libertorumque
856 1172 1007 1234 eohortem

294 1258 391 1336 Pugna
414 1258 570 1334 Saguntina
592 1257 687 1318 fervet
710 1259 863 1318 commissa
884 1256 1000 1333 lagona.

293 1342 362 1420 lpse
385 1341 523 1420 capillato
546 1341 677 1402 dillusum
700 1341 821 1402 consule
843 1349 925 1420 potat

295 1424 501 1502 Calcatamque
524 1434 604 1484 tenet
625 1423 712 1486 bellis
734 1425 893 1484 socialibus
915 1441 1010 1498 uvam,

294 1508 436 1570 Cardiaeo
458 1525 610 1588 numquam
632 1509 767 1584 cyathum
788 1509 928 1568 missurus
949 1509 1059 1574 amioo;

295 1592 367 1652 Cras
389 1591 470 1654 bibet
492 1591 611 1652 Albanis
633 1593 740 1671 aliquid
763 1592 801 1653 de
822 1590 966 1652 montibus
991 1600 1040 1650 aut
1060 1590 1097 1650 de

294 1675 419 1751 Setinis,
443 1673 523 1734 ouius
545 1678 665 1754 patriam
685 1677 856 1754 titulumque
878 1684 1014 1752 senectus

292 1759 410 1818 Dolevit
430 1757 518 1817 multa
541 1761 649 1818 veteris
672 1759 793 1836 iuligine
815 1768 921 1834 testae,

294 1841 386 1916 Quale
411 1841 540 1901 coronati
564 1841 691 1902 Thrasea
713 1841 923 1919 Helvidiusque
945 1840 1081 1900 bibebant

291 1926 442 1984 Brutorum
465 1933 494 1984 et
516 1922 599 1986 Cassi
621 1925 773 1986 natalibus
818 1925 885 2005 lpse
909 1942 1035 2004 oapaoes

291 2007 441 2068 Heliadum
464 2018 576 2068 onustas
598 2017 627 2069 et
646 2010 816 2096 inaequales
838 2010 954 2085 beryllo
1019 2069 1028 2080 ,
1053 2065 1057 2082 ,

291 2092 377 2151 Virro
398 2099 479 2152 tenet
500 2091 626 2170 phialas:
651 2092 702 2153 tibi
723 2111 782 2154 nou
802 2089 989 2154 bummittitur
1011 2093 1123 2158 ιιιιὶιιις

291 2175 363 2252 Vel,
387 2177 411 2234 si
437 2176 551 2255 quando
571 2176 669 2254 datur,
693 2186 793 2238 eustos
814 2178 918 2238 allinus
937 2176 1053 2250 ibidem,

292 2259 347 2332 Qui
367 2269 497 2320 numeret
519 2278 665 2337 gemmas,
689 2279 803 2340 ungues
826 2261 964 2321 observet
985 2269 1096 2319 acutos.

291 2343 335 2402 Du
356 2345 487 2404 veniam.
510 2343 662 2422 praeclara
684 2345 726 2404 illi
748 2343 910 2406 laudatur
900 2345 1001 2423 iaspis.

290 2425 362 2486 Nam
386 2426 490 2504 Virro,
513 2437 544 2488 ut
564 2428 661 2504 multi,
684 2447 813 2506 gemmas
834 2429 870 2489 ad
892 2426 999 2507 pocula
1019 2425 1156 2487 transfert

290 2510 316 2569 Α
339 2511 451 2588 digitis,
476 2529 547 2590 quas
570 2513 599 2571 in
619 2513 741 2588 vaginae
764 2511 860 2572 iroute
883 2511 999 2572 solebat

290 2594 403 2652 Ponere
425 2595 595 2672 zelotypo'
587 2597 698 2654 moenis
722 2596 870 2672 praelatus
889 2593 1008 2656 Iarbae:

163 2731 164 2734 ,
290 2675 332 2734 Τιι
354 2676 550 2736 Beneventani
572 2678 678 2737 sutoris
701 2695 806 2736 nomeu
826 2677 980 2737 habentem
1067 2737 1069 2740 ,

259 2758 421 2844 5Siooabis
446 2759 567 2820 oalioem
588 2777 722 2820 nasorum
745 2771 880 2838 quattuor
903 2780 939 2822 ao
962 2762 1018 2820 inm

290 2842 463 2915 Quassatum
486 2852 515 2903 et
537 2853 622 2923 rupto
645 2853 816 2944 poscentem
839 2843 950 2906 sulfura
972 2847 1057 2905 vitro.

290 2927 320 2986 Si
344 2927 508 2988 stomachus
531 2927 636 2988 domini
658 2929 753 2988 fervet
774 2930 901 3008 vinoque
925 2928 1061 3007 ciboque,
1183 2937 1188 2949 ’

288 3007 433 3086 Frigidior
454 3011 562 3073 Getieis
586 3013 694 3091 petitur
715 3013 838 3073 decocta
860 3014 986 3092 pruinis.

288 3091 354 3152 Nou
373 3093 475 3154 eadem
496 3095 580 3154 vobis
602 3099 671 3175 poni
692 3097 780 3157 modo
800 3099 866 3157 vina
878 3092 1043 3176 querebar?

288 3177 350 3237 Vos
374 3175 458 3237 aliam
477 3181 583 3258 potatis
609 3199 721 3280 aquam
766 3179 831 3241 Tibi
852 3181 959 3259 poeula
978 3194 1082 3239 oursor

199 3269 202 3274 “
289 3260 426 3322 Gaetulus
450 3259 528 3321 dabit
550 3271 597 3322 aut
618 3265 693 3340 nigri
715 3259 814 3324 manus
836 3281 924 3324 ossea
944 3261 1047 3337 Mauri,

287 3343 325 3404 Et
348 3343 395 3404 oui
417 3363 472 3425 per
492 3345 615 3406 mediam
636 3347 712 3407 nolis
736 3365 894 3408 ooourrere
914 3355 1041 3422 nostem,

289 3426 426 3489 Glivosae
448 3429 566 3489 veheris
587 3430 652 3490 dum
674 3449 728 3509 per
749 3440 930 3492 monumenta
952 3428 1085 3490 Latinae:
1238 3439 1273 3491 55

287 3509 359 3572 Flos
381 3512 472 3573 Asiae
495 3515 587 3574 anta
578 3531 687 3592 ipsum,
709 3516 804 3593 pretio
826 3516 936 3574 maiore
958 3525 1087 3593 paratus,

288 3593 380 3667 Quam
400 3595 453 3657 fnit
476 3605 506 3656 et
528 3595 603 3658 Tulli
629 3615 734 3658 census
756 3599 898 3677 pugnacis
921 3607 950 3658 et
970 3599 1044 3658 Auni

287 3675 340 3756 Et,
363 3697 400 3740 ue
422 3689 452 3741 te
477 3689 606 3760 teneam,
628 3681 822 3743 Romanomm
844 3685 938 3745 omnia
958 3700 1060 3760 regam
