3050 4484
604 476 728 526 SATIRA
750 477 828 530 VIII.

246 618 438 697 Incertasque
460 617 520 691 rei,
545 614 673 675 Phalaris
696 614 767 675 licet
789 618 913 695 imperet
936 616 1030 677 ut'sis

246 700 348 762 Falsus
372 710 400 760 et
423 700 538 760 ndmoto
567 698 657 757 dictet
680 700 807 776 periuria
831 710 926 776 tauro,

247 787 390 845 Summum
418 783 507 844 crede
533 781 616 841 nefas
639 784 760 841 animam
785 784 938 861 praeferre
962 782 1068 862 pudori

225 868 283 929 'Et
308 876 429 947 propter
452 868 540 925 vitam
562 866 678 926 vivendi
699 865 828 944 perdere
851 885 964 927 causas.

245 952 357 1029 Dignus
377 960 469 1011 morte
492 950 585 1028 perit,
608 959 714 1009 coenet
733 950 808 1011 licet
829 960 929 1011 ostrea
951 960 1066 1012 centum

246 1035 376 1095 Gaurana
404 1043 432 1093 et
460 1032 558 1094 Cosmi
581 1042 643 1093 toto
668 1044 817 1111 mergatur
838 1052 923 1095 aeno.
1061 1056 1065 1060 ’

245 1118 423 1197 Exspectata
450 1118 501 1177 diu
520 1116 636 1177 tandem
660 1120 811 1195 provincia
832 1138 918 1199 quum
940 1129 970 1179 te

245 1202 403 1263 Rectorem
428 1203 570 1280 accipiet,
593 1218 670 1279 pone
690 1204 751 1263 irae
776 1203 858 1263 irena
881 1203 1066 1281 modumque,

244 1286 323 1345 Pone
350 1294 379 1344 et
402 1286 555 1360 avaritiae,
577 1285 721 1345 miserere
743 1287 861 1365 inopum
883 1287 1050 1347 sociorum:

245 1368 319 1429 Ossa
337 1368 421 1429 vides
444 1386 540 1429 rerum
565 1369 666 1427 vacuis
688 1379 810 1429 exsucta
832 1371 977 1431 medullis.

163 1448 168 1453 ’
244 1451 389 1531 Respice,
416 1452 484 1531 quid
506 1460 641 1513 moneant
663 1452 763 1529 leges,
787 1454 856 1531 quid
879 1456 958 1514 curia
978 1452 1105 1528 mandet,

243 1536 375 1597 Praemia
398 1545 502 1615 quanta
525 1536 621 1596 bonos
643 1546 794 1612 maneant,
819 1555 903 1615 quam
923 1538 1040 1597 fulmine
1062 1538 1139 1596 iusto

244 1618 281 1679 Et
304 1618 408 1699 Capito
436 1628 465 1679 et
488 1618 620 1681 Numitor
641 1621 767 1695 ruerint,
793 1620 944 1682 damnante
967 1630 1079 1696 senatu,
1110 1675 1113 1679 ,

244 1703 358 1763 Piratae
386 1702 518 1764 Cilicum.
559 1704 618 1765 Sed
641 1704 709 1783 quid
734 1702 877 1764 damnatio
901 1702 1038 1766 coniertl
1231 1757 1233 1760 ,

244 1786 439 1864 Praeconem,
461 1786 646 1867 Chaerippo,
670 1788 726 1847 tuis
749 1791 942 1868 circumspice
965 1791 1078 1868 pannis,
1197 1789 1233 1844 95

245 1869 338 1948 Quum
361 1870 452 1932 Pansa
475 1874 595 1951 eripiat,
622 1871 761 1951 quidquid
785 1872 837 1931 tibi
859 1872 944 1934 Natta
965 1872 1094 1951 reliquit,

244 1954 360 2031 la'mque
385 1964 465 2024 tace;
488 1956 568 2015 luror
593 1965 638 2015 est
660 1965 728 2035 post
752 1957 848 2015 omnia
871 1958 997 2035 perdere
1022 1956 1146 2015 naulum.
1188 1992 1191 1995 -

243 2036 308 2096 Nun
330 2037 406 2097 idem
426 2040 551 2115 gemitus
575 2039 643 2098 olim
667 2058 764 2117 neque
786 2040 890 2099 vulnus
916 2050 979 2100 erat
1000 2057 1054 2117 par

243 2120 438 2196 Damnorum,
464 2123 552 2180 sociis
576 2121 746 2182 florentibus
769 2130 798 2181 et
819 2123 907 2183 modo
930 2124 1024 2182 victis.

244 2204 332 2263 Plena
358 2204 460 2265 domus
482 2213 549 2265 tuuc
571 2207 677 2281 omnis,
702 2214 731 2265 et
752 2208 856 2283 ingens
878 2206 972 2267 stabat
994 2223 1116 2267 acervus
1179 2216 1231 2269 100

243 2286 444 2363 Nummorum,
471 2288 611 2367 Spartana
635 2288 781 2366 chlamys,
808 2290 961 2366 conchylia
983 2288 1055 2367 Coa,

243 2369 281 2431 111
305 2388 367 2430 cum
393 2370 537 2431 Parrhasii
558 2372 664 2433 tabulis
689 2374 839 2451 signisque
863 2373 992 2449 Myronis

231 2453 409 2521 Phidiacum
431 2456 549 2515 vivebat
570 2456 660 2531 ebur,
691 2474 746 2517 nec
769 2475 827 2540 non
848 2457 983 2533 Polycliti

243 2536 349 2598 blultus
374 2539 481 2617 ubique
505 2538 610 2608 labor:
629 2558 713 2600 rarae
735 2542 799 2601 sine
819 2540 952 2601 blentore
974 2558 1102 2600 mensae.
1200 2578 1203 2583 -
1254 2588 1260 2594 .

242 2619 314 2681 lude
339 2620 515 2684 Dolabellae
537 2633 624 2704 atque
647 2622 714 2683 hinc
736 2624 896 2701 Antonius,
920 2625 986 2686 inde
1176 2632 1228 2685 105

244 2704 413 2783 Sacrilegus
438 2706 553 2767 Verres
571 2708 740 2768 referebant
766 2709 887 2774 navibus
909 2708 975 2769 altis
1072 2753 1073 2757 ,

245 2786 366 2849 Occulta
388 2790 482 2867 spolia
505 2800 535 2850 et
555 2792 655 2870 plures
677 2792 714 2852 de
737 2810 812 2871 pace
833 2791 1002 2871 triumphos.

244 2870 327 2931 Nunc
348 2875 436 2933 sociis
460 2876 527 2951 iuga
551 2893 643 2955 pauca
664 2875 771 2952 boum,
795 2896 872 2955 grex
894 2892 1001 2955 parvus
1024 2892 1161 2954 equamrn

244 2953 281 3013 Et
303 2964 388 3033 pater
412 2959 533 3018 armenti
555 2967 640 3037 captu
663 2960 801 3037 eripiatur
825 2961 936 3039 agello,

244 3037 303 3115 Ipsi
329 3039 434 3101 deinde
456 3040 545 3101 Lares
586 3044 610 3101 si
633 3042 711 3119 quod
734 3045 899 3123 spectabile
921 3045 1043 3120 signum,
1177 3054 1229 3105 110

245 3122 276 3180 Si
303 3123 368 3199 quis
392 3125 421 3183 in
443 3086 575 3185 aedicula
599 3126 671 3185 deus
692 3127 807 3196 unicus;
833 3129 908 3188 haec
931 3129 1037 3187 etenim
1060 3136 1124 3187 sunt

243 3204 300 3264 Pro
327 3209 460 3284 summis,
483 3227 547 3270 nam
570 3218 635 3269 sunt
659 3210 733 3271 haec
756 3214 888 3271 maxima.
926 3212 1081 3289 Despicias
1103 3219 1134 3270 tn

243 3286 378 3349 Forsitan
399 3290 533 3353 imbelles
555 3292 685 3355 Rhodios
707 3303 879 3375 uocemque
902 3293 1078 3355 Corinthon:

244 3370 401 3451 Despicias
428 3380 546 3445 merito:
572 3379 639 3456 qnid
662 3380 789 3441 resinata
809 3380 941 3439 iuuentus

246 3452 396 3535 Gruraque
420 3460 506 3519 totius
528 3460 636 3521 facient
655 3462 707 3522 tibi
732 3463 809 3523 levia
830 3460 948 3540 gentis?
1177 3472 1229 3525 115

243 3536 368 3601 llorrida
392 3542 506 3603 vitanda
527 3552 572 3603 est
593 3544 747 3623 Hispania,
776 3546 903 3607 Gallicus
924 3546 986 3605 axis

243 3621 450 3701 Illyricumque
474 3626 562 3693 latus:
585 3644 675 3705 parce
698 3639 727 3688 et
748 3630 927 3691 messoribus
949 3628 1018 3705 illis,

244 3704 301 3778 Qui
323 3716 451 3767 saturant
473 3707 574 3767 urbem
599 3712 679 3771 circo
703 3730 871 3793 saeuaeque
891 3722 1052 3774 vacantem.
