3050 4484
443 462 450 492 l

612 511 752 580 ,serpen
775 512 821 558 vr.
1204 499 1249 568 31,

258 652 428 713 Convomit:
447 651 520 712 baec
544 655 747 711 inter·nautas
769 659 799 708 et
823 651 947 728 prandet
970 659 1001 710 et
1018 659 1096 712 errat

256 738 312 798 Per
335 754 460 815 puppem
484 744 514 794 et
536 737 625 796 duros
646 735 754 812 gaudet
767 743 903 795 ,tractare
927 735 1076 799 rudentes.

257 820 319 894 Qua
345 829 440 879 tamen
463 822 573 878 exarsit
595 819 704 894 forma,
730 835 787 896 qua
810 828 895 896 capta
917 820 1033 881 iuventa

255 901 372 984 Eppia?
395 903 462 980 quid
483 903 570 978 vidit,
595 912 719 982 propter
744 904 823 982 quod
847 902 924 962 ludia
945 903 1002 962 dici

255 984 412 1048 Sustinuit?
436 1005 501 1046 nam
523 988 677 1064 Sergiolus
701 989 757 1046 iam
776 986 882 1046 radere
905 994 1003 1068 guttur
1047 1018 1049 1020 v
1196 998 1249 1052 too

255 1070 404 1150 Coeperat
426 1080 455 1129 et
477 1080 562 1130 secto
585 1073 718 1148 requiem
739 1070 1015 1148 sperare‘lacertm

254 1157 412 1216 Praeterea
435 1154 523 1212 multa
545 1157 578 1212 in·
595 1155 672 1216 facie
696 1154 854 1229 deformia,
881 1155 956 1212 sicut

255 1239 376 1298 Attritns
399 1237 486 1312 galea
508 1239 673 1316 mediisque
695 1239 723 1297 in
744 1237 862 1298 naribus
884 1239 989 1312 ingens

256 1321 367 1382 Cibbus
390 1329 420 1379 et
442 1339 510 1379 acre
525 1321 640 1380 malum
662 1339 781 1399 semper
802 1322 937 1380 stillantis
960 1319 1061 1380 ocelli.

256 1405 315 1465 Sed
341 1404 486 1482 gladiator
506 1413 583 1463 erat:
608 1405 757 1466 fecithoc
779 1405 847 1463 illos
868 1403 1061 1479 Hyacinthon
1197 1418 1251 1470 110

254 1488 319 1549 Hoc
343 1489 441 1567 pueris
464 1491 651 1566 patriaeque,
674 1488 732 1549 boc
755 1489 892 1566 praetulit
912 1487 963 1548 illa
986 1490 1082 1548 sorori

255 1573 355 1651 Atque
373 1573 447 1630 vird.
482 1571 603 1632 Ferrum
622 1582 682 1646 est,
705 1573 785 1649 quod
803 1581 911 1633 amant:
934 1570 982 1630 bic
1001 1572 1123 1647 Sergius
1140 1573 1218 1633 idem

254 1657 389 1735 Accepta
412 1656 483 1716 rude
504 1658 656 1734 coepisset
676 1656 803 1716 Veiento
825 1655 928 1714 videri.

300 1739 375 1813 Quid
400 1742 511 1818 privata
535 1742 656 1815 domus,
680 1739 748 1820 quid
770 1741 879 1799 iecerit
899 1738 1011 1817 Eppia,
1025 1738 1143 1799 curas?

255 1824 384 1902 Respice
406 1825 514 1886 rivales
538 1825 683 1893 divornm;
708 1821 846 1885 Claudius
869 1823 936 1884 audi
1018 1837 1024 1851 ¹
1198 1837 1250 1890 115

256 1905 339 1980 Quae
362 1909 474 1974 tulerit,
506 1909 641 1970 Dormire
663 1910 756 1968 virum
780 1926 865 1986 quum
890 1916 1025 1967 senserat
1046 1924 1132 1983 uxor,

257 1994 379 2052 Sumere
398 2003 556 2052 nocturnos
579 1995 720 2052 meretrix
734 1992 873 2068 ‘Angusta
895 1991 1030 2051 cucullos

256 2076 336 2136 Ausa
358 2075 487 2136 Palatino
512 2085 541 2136 et
564 2087 694 2153 tegetem
717 2075 870 2154 praeferre
893 2075 982 2135 cubili

254 2159 417 2238 linquebat
440 2163 546 2220 comite
567 2160 672 2220 ancilla
693 2177 751 2218 non
774 2159 895 2237 amplius
920 2177 991 2233 una,

255 2243 293 2304 Et
315 2245 427 2320 nigrum
450 2245 526 2304 llauo
550 2246 659 2302 crinem
682 2243 882 2303 abscondente
905 2243 1009 2320 galero
1198 2251 1251 2307 1ao

256 2327 375 2386 Intravit
399 2327 524 2386 calidum
545 2329 640 2386 veteri
663 2337 788 2386 centone
811 2327 933 2405 lupanar

257 2407 295 2468 Εἰ
316 2409 421 2468 cellam
443 2429 565 2469 vacuam
587 2421 673 2488 atque
696 2429 793 2478 suam;
818 2420 886 2470 tunc
907 2412 982 2471 nuda
1003 2410 1122 2489 papillis

256 2491 384 2552 Prostitit
407 2495 531 2569 auratis,
555 2495 665 2556 titulum
686 2496 804 2554 mentita
825 2493 979 2569 Lyciscae,

257 2575 449 2656 Ostenditque
473 2587 564 2653 tuum,
589 2583 736 2656 generose
759 2577 940 2654 Britannice,
963 2588 1126 2648 vestrane

258 2660 398 2740 {Excepit
419 2661 526 2722 blanda
547 2664 686 2724 intrantes
710 2673 797 2742 atque
821 2681 889 2724 aera
911 2666 1059 2743 poposcit,
1198 2675 1249 2728 125

256 2745 293 2804 Et
308 2748 445 2825 resupina
468 2750 568 2806 iacens
592 2748 745 2808 multorom
768 2747 919 2810 absorbuit
941 2749 1040 2826 ictus]

256 2829 341 2903 blox,
367 2830 474 2890 lenone
495 2849 562 2890 suas
585 2833 640 2890 iam
662 2832 824 2892 dimittente
847 2832 975 2910 puellas,
1002 2848 1006 2863 ¹

257 2912 359 2972 Tristis
382 2915 442 2974 abit
465 2925 509 2990 et,
534 2915 612 2993 quod
634 2917 741 2994 potuit,
766 2925 862 2975 tamen
877 2915 974 2974 ultima
992 2915 1098 2975 cellam

222 3003 226 3012 ’
258 2995 383 3074 Clausit,
409 2999 502 3058 adhuc
527 2999 632 3059 ardens
656 3001 769 3076 rigidae
792 3001 932 3074 tentigine
954 2998 1072 3074 volvae,

258 3079 308 3159 [Et
332 3081 438 3142 lassata
459 3085 529 3142 viris
552 3101 609 3143 nec
631 3083 697 3143 dum
719 3085 824 3142 satiata
843 3083 994 3161 recessit]
1063 3113 1065 3116 >
1200 3091 1250 3146 13⁰

257 3163 456 3245 Obscurisque
477 3169 561 3244 genis
582 3168 673 3245 turpis
695 3167 833 3244 fumoque
855 3166 995 3227 lucernae

127 3311 140 3321 κ
256 3248 357 3308 Foeda
378 3249 525 3328 lupanaris
548 3252 612 3312 tulit
634 3251 670 3311 ad
692 3251 825 3329 pulvinar
847 3251 978 3310 odorem.

256 3331 455 3410 Hippomanes
480 3352 656 3414 carmenque
670 3335 785 3412 loquar
808 3344 983 3413 coctumque
1004 3352 1147 3395 venenum

195 3406 218 3478 ’,
256 3411 453 3495 Privigncqne
478 3417 592 3480 datum?
618 3419 734 3479 iaciunt.
747 3419 883 3496 graviora
905 3428 1028 3478 coactae

256 3499 384 3578 Imperio
409 3519 496 3560 sexus
518 3504 719 3581 minimumque
743 3503 865 3564 libidine
888 3511 1023 3581 peccant.
1152 3535 1156 3543 ·
1198 3512 1249 3566 135

301 3582 413 3663 Optima
436 3585 489 3644 sed
512 3597 606 3664 qnare
627 3584 791 3647 Censennia
813 3596 890 3647 teste
915 3583 1041 3649 marito?

257 3666 305 3728 Ria
329 3669 475 3746 quingena
509 3669 602 3736 dedit:
628 3673 696 3729 tanti
714 3680 804 3730 vocat
824 3671 875 3730 ille
894 3669 1038 3749 pudicam,

257 3751 321 3810 Nec
344 3753 488 3830 pharetris
510 3753 637 3813 Veneris
660 3771 759 3816 macer
780 3763 826 3814 eat
845 3764 897 3814 ant
918 3755 1056 3832 lampade,
1074 3753 1184 3816 lervet:
