3050 4484
652 498 860 575 venerario.
1185 500 1251 548 xrn
1304 483 1310 490 ’

268 653 306 709 29
315 651 420 718 *him
435 648 521 703 deiude
537 648 592 718 quia
604 645 775 701 Graeculorum
787 646 934 716 aliommque
948 646 1104 701 harbarorum
1120 647 1171 701 sola
1188 649 1252 718 apud
1356 704 1358 707 .

271 739 381 805 potentes
391 741 462 805 atque
473 732 600 802 opulentos
612 731 722 785 homines
737 730 866 783 auctoritas
874 736 961 800 regnet
972 730 1006 796 (v.
1020 735 1103 791 5&—
1109 735 1187 799 125);
1198 742 1251 787 tuna

270 819 327 890 qnia
337 817 374 872 vel
385 819 447 872 inter
457 817 521 870 cives
532 815 611 870 omnia
622 813 756 868 diliciarum
768 820 793 866 et
801 815 917 882 pecnnim
932 827 1044 868 mensura
1054 821 1196 871 censeantur
1205 829 1252 870 uec

271 901 370 974 pauperi
386 897 486 972 usipuam
501 905 542 955 out
563 899 632 954 locus
650 904 692 952 aut
707 896 768 952 tides
784 903 880 951 constet
896 896 933 962 (r.
947 900 998 954 126
1007 902 1132 967 -189);
1148 899 1251 970 denique

271 987 325 1056 quia
338 1001 369 1039 ne
379 986 428 1038 vita
439 984 535 1055 (pridem
546 989 587 1038 aut
596 981 707 1037 valetudo
718 981 968 1051 innumerispcriuulis
978 988 1054 1045 vacet,
1064 997 1165 1053 quorum
1176 999 1250 1055 quum

248 1124 254 1134 ,
270 1069 381 1140 princeps
393 1069 417 1123 in
429 1069 503 1122 minis
514 1074 585 1138 atque
602 1065 717 1122 incendiis
728 1063 891 1120 aediliciomnr
901 1071 1012 1120 cernatuu
1023 1065 1058 1130 (r.
1071 1069 1164 1123 190·-
1175 1072 1248 1135 m),

270 1160 342 1222 poeta
352 1151 400 1206 hoc
416 1167 511 1224 quoque
528 1153 552 1206 in
569 1165 659 1222 genere
669 1149 813 1204 deteriorem
828 1163 961 1219 pauperum
974 1149 1136 1216 conditionem
1149 1151 1186 1215 (r.
1198 1155 1250 1208 203

270 1238 379 1303 422)
391 1236 589 1306 municipalispue
599 1234 744 1306 frugalitatis
748 1235 924 1304 praestantiam
933 1232 1007 1288 iactat
1018 1234 1054 1298 (v.
1068 1236 1122 1291 223
1130 1261 1166 1272 -
1174 1237 1255 1317 231).x

270 1314 327 1374 hin'c
341 1335 398 1374 vcro
410 1317 439 1375 ad
451 1319 534 1373 urbem
557 1333 666 1372 reversus
682 1319 775 1373 viamm
792 1318 919 1388 strepitum
934 1318 1105 1389 angustiasque
1121 1318 1250 1402 laborantis

270 1404 355 1458 turbae
367 1402 403 1467 (v.
415 1407 466 1460 23⁶2
476 1431 511 1442 -
520 1404 593 1470 253),
605 1402 680 1456 immo
691 1409 717 1456 ct
725 1402 829 1456 vectium
839 1407 865 1455 et
874 1401 1038 1456 membrorum
1046 1401 1183 1456 discrimina
1193 1416 1250 1456 cunt

268 1486 395 1542 horhiuum
413 1503 441 1541 ac
451 1488 613 1557 plaustromm
627 1499 745 1540 concursu
757 1486 885 1541 coniunma
900 1485 1015 1556 graphice
1026 1485 1139 1539 describit
1149 1487 1186 1552 (v.
1197 1488 1250 1542 254

271 1573 381 1640 -aoh
400 1587 445 1626 nec
455 1572 548 1626 minora
557 1571 637 1625 noctis
647 1569 753 1640 pericula
764 1570 803 1624 rel
814 1583 950 1624 aratorum
959 1583 1017 1624 casu
1027 1571 1062 1636 (v.
1074 1571 1248 1638 atu-att)

268 1655 306 1708 uel
319 1655 349 1710 ab
356 1655 476 1711 ebriorum
487 1655 618 1725 petulantia
624 1654 661 1720 (v.
669 1654 828 1721 tid-301)
833 1653 872 1708 uel
882 1661 1070 1725 agressamrum
1079 1653 1171 1722 impetu
1181 1669 1249 1724 repe

269 1740 300 1792 tit
312 1740 347 1805 (v.
360 1743 535 1808 eoa-314);
547 1753 631 1794 omues
642 1745 723 1794 autem
737 1746 817 1808 partes
826 1743 865 1792 tot
874 1738 1024 1809 singrrlamm
1034 1737 1168 1808 imaginum
1177 1738 1249 1792 lumi·

268 1821 340 1876 nihus
350 1823 537 1894 lacetiarumque
554 1823 642 1878 aculeis
653 1823 775 1885 distinxit.
786 1829 815 1876 ut
823 1821 890 1876 hacc
898 1822 970 1876 satira
987 1821 1056 1876 facile
1073 1821 1177 1890 palmam
1187 1823 1249 1875 inter

270 1907 372 1976 reliquas
384 1907 484 1964 auferat.
513 1906 616 1973 Quartae
627 1907 799 1968 oeconomiam.
813 1919 874 1976 quae
887 1906 965 1975 primo
975 1911 1074 1974 aspectu
1084 1906 1249 1962 inconcinnior

268 1990 343 2044 unni
358 1991 448 2060 possit,
465 1987 1247 2062 scitcuelendithagetshacniusmrhilot.T.111‚p.aotsqq.;
1306 1979 1310 1986 '

268 2069 337 2128 cuius
348 2089 422 2145 quum
432 2075 498 2144 prior
507 2089 563 2144 pars
575 2076 609 2142 (v.
621 2076 728 2141 1—33)
739 2075 763 2128 in
771 2074 874 2144 Crispini
884 2074 931 2128 iam
941 2071 991 2128 Sat.
1004 2073 1021 2127 l.
1033 2073 1068 2128 27
1077 2074 1161 2139 notui
1175 2075 1248 2128 altera

247 2161 250 2168 ‘
267 2157 293 2212 in
304 2159 379 2227 ipsius
389 2157 520 2213 Domitiani
531 2158 714 2228 reprehensione
723 2164 844 2220 versetm.
860 2158 926 2212 illanr
944 2157 1071 2211 commode
1086 2171 1142 2210 cnm
1153 2158 1245 2225 praela-

267 2241 375 2296 tionibus
394 2242 444 2296 sive
464 2245 624 2308 arpotutcortu
647 2243 835 2311 comparaveris,
860 2241 947 2312 quihus
969 2241 1096 2294 recitantes
1113 2240 1151 2292 rel
1168 2240 1247 2294 decla·
1329 2308 1332 2314 Ι

265 2331 361 2378 mantes
372 2324 507 2378 auditorium
518 2325 610 2378 animos
624 2325 653 2378 ad
664 2327 771 2394 ipsorum
782 2331 921 2393 poematum
930 2325 1095 2378 orationumve
1105 2331 1247 2394 argumenta

265 2419 409 2478 praeparare
420 2407 544 2468 solebant;
567 2409 613 2462 nisi
624 2409 689 2478 quod
705 2422 770 2462 nunc
780 2412 851 2476 poeta
861 2406 955 2462 hlusam
967 2413 1023 2476 post
1035 2406 1206 2479 praefationem
1217 2407 1247 2461 ad

266 2489 396 2546 dicendum
407 2497 574 2562 assurgentem
585 2491 710 2546 considere
724 2490 797 2554 iuhet.
812 2491 868 2561 quia
876 2505 924 2546 non
935 2490 1015 2545 lahula
1023 2490 1068 2558 sed
1077 2505 1182 2544 rasuera
1192 2505 1247 2544 nar·

265 2581 334 2630 retur
345 2573 380 2639 (v.
393 2575 428 2630 34
436 2603 472 2612 -
482 2577 539 2643 36).
565 2573 630 2630 Haec
640 2581 720 2631 autem
731 2576 756 2630 in
766 2576 856 2631 Athana
865 2573 996 2631 Domitiani
1008 2589 1063 2629 anre
1077 2575 1164 2647 agitur,
1178 2576 1247 2628 onius

265 2673 343 2728 nuper
353 2657 465 2730 reliquias
474 2659 576 2714 feliciter
586 2661 719 2730 repperisse
729 2661 831 2715 traditur
840 2658 905 2715 Rosa
916 2659 1059 2716 ahohitectus
1071 2658 1144 2713 halus
1154 2659 1177 2713 in
1188 2657 1247 2714 Ger·

266 2743 334 2800 hard.
348 2742 408 2812 Eph.
421 2741 539 2800 archaeol.
559 2747 639 2806 leta.
652 2748 739 2814 piel
758 2751 784 2798 et
799 2745 862 2800 Bull.
876 2744 930 2799 dell·
942 2744 1018 2800 lnstit.
1029 2743 1094 2799 arch.
1107 2745 1182 2806 1853,
1194 2757 1218 2812 p.
1230 2747 1247 2799 3

265 2843 333 2898 sqq.;
350 2826 392 2882 ubi
403 2841 476 2898 quum
490 2829 596 2898 piscator
611 2829 774 2884 anconitanus
790 2843 857 2885 rarae
872 2829 1046 2900 magnitudinis
1060 2827 1188 2882 rhorohurn
1201 2828 1246 2880 im-

265 2911 371 2980 peratori
382 2911 445 2966 douo
457 2909 584 2968 obtulisset
595 2913 632 2980 (v.
640 2913 673 2968 37
683 2940 720 2950 -
730 2916 786 2980 71),
797 2911 838 2967 hio
849 2911 995 2983 reipublicae
1010 2925 1122 2982 proccrm
1131 2912 1247 2982 aulaeque

263 2995 386 3064 principes
399 2996 423 3050 in
440 2995 567 3052 consilium
578 2997 891 3061 aduocaritdeliheraturos,
908 2997 972 3068 quali
983 2997 1063 3066 patina
1074 2996 1165 3065 mecm
1175 2995 1247 3065 coqui

263 3085 389 3147 oporteret
406 3081 441 3147 (ι.
461 3082 621 3148 ta-lleh
634 3079 752 3152 huiusque
769 3081 863 3136 consilii
878 3081 959 3150 specie
974 3080 1092 3134 lurenuls
1109 3080 1174 3149 ipsos
1191 3080 1247 3132 illos

267 3160 375 3217 homines
392 3165 533 3218 nominatim
551 3163 706 3235 depingendo
714 3165 752 3219 vel
764 3164 926 3220 inuiissimum
946 3147 1115 3236 argumentum
1132 3163 1247 3233 praeclari

267 3245 357 3316 ingenii
372 3249 461 3302 uirtute
479 3249 504 3302 in
512 3248 729 3318 splendidissimam
744 3255 881 3318 tempomm
902 3250 1034 3321 imaginem
1052 3248 1159 3302 conveni
1176 3259 1248 3315 posce
1325 3317 1329 3324 ἱ
1411 3244 1412 3261 ’

266 3329 378 3386 ostendit.
413 3331 514 3396 Quintae
530 3333 617 3386 satirae
633 3331 795 3402 principaliter
811 3332 860 3387 hoc
876 3335 1024 3403 propositum
1043 3339 1092 3396 est,
1111 3337 1139 3384 ut
1150 3329 1247 3400 ancipiti

268 3427 381 3476 censura,
395 3415 458 3483 quali
468 3417 610 3487 plerumque
621 3417 739 3472 quenalis
749 3417 832 3482 utitur,
845 3417 1014 3487 opulentorum
1023 3416 1149 3470 hominum
1163 3410 1247 3469 sordes

262 3504 292 3550 et
302 3496 418 3550 clientum
428 3499 543 3553 vilitatem
551 3506 624 3565 taret,
637 3500 678 3571 (pul
689 3515 763 3571 quum
775 3501 805 3555 ah
816 3501 863 3555 illis
873 3502 902 3556 ad
909 3515 1009 3556 coenam
1021 3499 1119 3554 adhibiti
1129 3497 1247 3569 indignis-
1277 3504 1290 3518 '

266 3581 326 3634 sima
337 3580 505 3652 inaequalitate
514 3589 658 3649 tractentur,
674 3591 756 3640 tamen
777 3591 801 3638 et
812 3585 854 3639 has
869 3585 965 3639 iniurias
981 3590 1007 3637 et
1021 3583 1111 3653 reliqua
1123 3583 1247 3636 clientelae

266 3664 419 3720 incommoda
432 3665 606 3734 ipsiusooenae
616 3668 723 3740 manicis
732 3682 799 3722 rarae
809 3683 853 3738 spe
864 3670 946 3738 aequis
956 3667 1043 3722 amnis
1052 3667 1144 3726 ierant:
1162 3667 1247 3720 cadem

268 3749 368 3803 emovet
382 3763 442 3803 care
449 3749 595 3820 antiquitatis
601 3752 736 3806 studiosum
749 3753 864 3816 aduenit,
878 3753 933 3822 qrria
941 3751 1028 3805 ueteris
1037 3765 1128 3806 coenae
1138 3749 1246 3805 ordinent

264 3829 378 3900 legitimo
388 3833 492 3889 decursu
507 3834 615 3905 sequitur
629 3833 830 3907 singulorumque
846 3835 992 3891 ferculorum
1007 3835 1151 3890 uelutactus
1161 3838 1247 3905 poetae
