3050 4484
640 484 765 561 sams
787 485 848 533 vn.
878 497 885 510 ¹

250 624 404 707 Lautorum
426 639 550 701 pueros:
573 632 663 683 artem
685 624 803 683 scindes
824 622 981 684 Theodori.

251 706 359 767 Balnea
386 708 530 766 sescentis
553 715 582 765 et
603 705 692 784 pluris
715 708 856 785 porticus,
879 708 908 765 in
930 724 985 784 qua
1036 727 1039 729 ’

252 790 388 852 Gestctur
409 790 556 865 dominus,
579 791 693 868 quoties
715 789 801 869 pluit;
822 808 895 850 aune
916 808 1050 851 serenum

250 873 414 953 Exspectet
431 882 611 952 ‘spargatque
635 874 695 933 luto
718 875 842 933 iumenta
862 872 995 934 recenti?
1183 882 1235 936 180

250 948 304 1016 llic
325 958 438 1035 potius,
460 974 583 1035 namque
606 956 652 1017 hic
672 957 795 1018 mundae
813 959 887 1017 nitet
907 958 1012 1033 ungula
1033 956 1137 1017 mulae.

250 1040 335 1101 Parte
356 1040 413 1099 alia
435 1040 531 1117 longis
552 1038 735 1101 Numidarum
756 1040 827 1101 iulta
849 1040 988 1101 columnis

251 1125 358 1200 Surget
378 1132 407 1182 et
427 1123 572 1199 algentem
593 1125 686 1201 rapiat
701 1126 836 1184 coenatio
855 1126 959 1185 solem.

252 1206 479 1283 Quanticumque
503 1206 621 1281 domus,
643 1208 741 1267 veniet
764 1210 811 1285 qui
833 1207 945 1269 fercula
963 1206 1050 1266 docte

196 1300 199 1311 ’
252 1287 428 1368 Compcnat;
451 1290 549 1349 veniet
568 1292 616 1368 qui
638 1290 828 1367 pulmentaria
851 1291 958 1351 condit.
1184 1296 1235 1350 litt
1296 1297 1302 1311 ‘

250 1371 312 1435 Hos
334 1374 408 1431 inter
429 1382 557 1451 sumptus
579 1374 713 1433 sestertia
736 1372 922 1448 Quintiliano,

250 1456 289 1517 Ut
309 1455 442 1530 multum,
465 1456 521 1515 duo
544 1456 702 1516 sufficient:
724 1474 774 1515 res
795 1456 872 1516 nulla
894 1456 1011 1515 minoris

253 1538 405 1600 Constabit
426 1540 515 1617 patri,
539 1556 623 1617 quam
645 1538 858 1618 lilius-Unde
879 1540 966 1615 igitur
985 1546 1028 1597 tot

253 1620 443 1697 Quintilianus
466 1621 554 1681 habet
576 1618 690 1683 saltus?
707 1654 748 1665 -—
763 1619 906 1700 Exempla
925 1638 1066 1681 novorum
1105 1693 1107 1697 ι

251 1704 387 1765 Fatorum
404 1706 509 1765 transi:
533 1705 606 1765 ielix
627 1716 657 1765 et
677 1704 801 1783 pulcher
822 1713 852 1765 et
873 1723 959 1780 acer,
1186 1711 1236 1766 190

192 1840 196 1862 ,
251 1786 336 1849 Felix
358 1797 387 1847 et
407 1790 522 1867 sapiens
544 1797 573 1848 et
595 1788 701 1849 nobilis
722 1798 751 1848 et
771 1807 947 1865 generosus,

250 1872 422 1951 Appositum
444 1872 544 1949 nigrae
564 1872 658 1933 lunam
679 1870 806 1931 subtexit
830 1872 941 1940 alutee;

251 1954 336 2016 Felix
356 1964 455 2034 orator
475 1973 592 2035 quoque
615 1956 753 2017 maximus
777 1965 807 2015 et
825 1955 981 2021 iaculator;

252 2040 306 2116 Et,
328 2042 353 2099 si
376 2039 524 2117 perfrixit,
544 2048 639 2099 cantat
660 2038 746 2098 hene.
789 2037 884 2099 Distat
906 2040 999 2113 enim,
1022 2054 1097 2116 quae

208 2138 211 2145 ·
252 2124 355 2183 Sidera
378 2131 407 2182 te
428 2124 574 2200 excipiant
595 2122 682 2182 modo
702 2122 812 2199 primos
833 2122 1019 2199 incipientem
1185 2126 1235 2180 196

251 2204 349 2266 Edere
370 2207 482 2283 vagitus
506 2214 536 2265 et
556 2205 650 2265 adhuc
670 2222 686 2264 a
707 2213 800 2265 matre
822 2204 994 2263 rubentem:

252 2289 283 2349 Si
294 2291 419 2353 Fortuna
441 2287 538 2362 volet,
562 2288 615 2349 lies
637 2289 674 2349 de
695 2288 813 2349 rhetore
835 2287 952 2355 consuh

252 2373 284 2433 Si·
305 2372 385 2431 volet
406 2370 480 2431 haec
502 2370 622 2446 eadem,
645 2371 698 2431 lies
721 2372 757 2431 de
780 2371 901 2431 cousule
922 2369 1032 2429 rhetor.

215 2497 232 2539 .·
250 2454 403 2514 Ventidius
426 2453 494 2532 quid
517 2452 610 2513 enim?
633 2454 701 2533 quid
724 2452 856 2515 Tullius?
877 2472 950 2514 aune
974 2452 1051 2513 aliud
1081 2466 1165 2531 mom

252 2538 339 2599 Sidus
364 2547 392 2597 et
415 2537 523 2597 occulti
545 2538 672 2599 miranda
694 2540 823 2617 potentia
844 2534 916 2599 latii
1184 2541 1236 2594 too

252 2623 353 2682 Servis
371 2638 462 2698 regna
485 2620 606 2697 dabunt,
630 2624 751 2701 captivis
771 2622 829 2683 iata
849 2619 1031 2703 triumphum.

251 2704 335 2765 Felix
353 2704 404 2765 ille
422 2714 517 2765 tamen
539 2722 628 2765 corvo
651 2723 769 2785 quoque
789 2707 883 2766 rarior
905 2704 984 2765 albo.

252 2788 395 2849 Poeuituit
416 2788 521 2849 multos
542 2806 634 2849 vanae
657 2790 823 2867 sterilisque
847 2788 1014 2861 cathedrae,

253 2872 335 2933 Sicut
356 2871 561 2947 Thrasymachi
583 2870 688 2951 probat
707 2874 801 2933 exitus
822 2883 907 2950 atque
931 2868 1056 2931 Secundi

254 2954 426 3016 carrinatis:
447 2966 475 3015 et
497 2956 571 3015 huno
591 2957 706 3033 inopem
727 2956 856 3031 vidistis,
878 2954 1022 3027 Athenae,
1185 2958 1236 3013 205
1354 2983 1360 2995 x

252 3038 300 3099 Nil
321 3048 438 3118 praeter
460 3039 574 3115 gelidas
596 3057 683 3099 ausae
705 3039 841 3098 conferre
864 3039 983 3097 cicutas.

252 3123 306 3198 Di,
328 3124 466 3183 maiorum
488 3121 595 3181 umbris
615 3131 729 3181 tenuem
750 3132 780 3181 et
799 3123 862 3181 siue
885 3121 1023 3199 pondere
1034 3128 1157 3193 terram,

253 3206 462 3285 spirantesque
486 3222 590 3265 crocos
613 3215 642 3264 et
663 3208 691 3264 in
710 3222 780 3264 urna
802 3213 973 3283 perpetuum
994 3220 1062 3279 ver,

254 3288 309 3362 Qui
332 3297 556 3368 praeceptorem
578 3291 669 3349 sancti
691 3288 814 3353 voluere
835 3288 963 3367 parentis

253 3370 329 3432 Esse
351 3372 434 3433 loco!
457 3371 587 3432 Metuens
607 3374 708 3449 virgae
730 3372 785 3431 iam
805 3370 921 3449 grandis
942 3370 1075 3430 Achilles
1184 3374 1238 3427 210

255 3454 396 3517 Cantahat
418 3455 518 3533 patriis
537 3458 565 3513 in
586 3455 730 3515 montibus
761 3462 791 3513 et
819 3456 865 3514 cui
884 3472 942 3514 uon
961 3462 1028 3513 tunc
1137 3526 1146 3533 .

252 3537 385 3599 Eliceret
405 3540 493 3599 risum
515 3538 674 3599 citharoedi
697 3539 788 3601 cauda
809 3539 954 3615 magistri:

255 3623 315 3684 Sed
336 3622 440 3684 aurum
463 3630 549 3701 atque
570 3621 643 3683 alios
665 3622 758 3683 caedit
780 3641 831 3683 sua
849 3637 993 3699 quemque
1013 3620 1156 3694 iuuentus,
1270 3628 1273 3632 ’

254 3704 375 3785 linium,
401 3722 486 3786 quem
510 3707 597 3767 toties
621 3704 794 3769 Ciceronem
814 3704 978 3781 Allobroga
987 3703 1076 3847 4liquit.
