3050 4484
660 476 786 525 aarum
806 478 854 525 11.

273 618 444 680 Munimenta
466 625 570 693 togae,
595 616 656 674 duri
678 619 829 694 crassique
852 616 971 691 coloris,

273 702 310 763 llt
332 702 406 761 male
428 716 584 778 percussas
609 701 732 759 textoris
755 702 872 777 pectine
900 698 974 758 Galli

273 786 456 864 Accipimus,
478 794 566 844 tenue
591 792 740 859 argenium
763 800 914 861 venaeque
935 782 1092 843 secundae.

272 868 342 928 Fata
364 877 468 944 regunt
490 867 633 933 homines;
657 866 745 925 latum
768 876 814 925 est
836 876 865 925 et
885 867 1014 944 partibus
1034 867 1103 941 illis,
1137 876 1142 885 '

175 952 179 959 ’
273 950 352 1023 Quas
374 954 451 1010 sinus
473 950 633 1011 abscondit.
671 948 758 1025 Nam,
781 952 805 1008 si
827 949 879 1009 tibi
900 951 997 1010 sidera
1017 960 1145 1027 cessant,
1189 1015 1191 1019 μ

270 1033 318 1097 Nil
340 1034 430 1093 faciet
455 1033 534 1110 longi
555 1052 688 1093 mensura
715 1032 862 1109 incitguita
883 1035 975 1106 nervi,
1004 1046 1007 1050 ’
1229 1043 1232 1052 ’

272 1116 410 1189 Quamvis
433 1126 463 1175 te
486 1118 590 1175 nudum
614 1118 753 1195 spumanti
774 1117 860 1175 Virro
883 1116 992 1177 labello

270 1200 384 1260 Viderit
410 1208 438 1259 et
461 1199 584 1261 blandae
606 1201 722 1260 assidue
747 1200 915 1279 densaeque
936 1199 1064 1259 tabellae

268 1283 451 1350 Solliciteut;
475 1276 562 1355 αὐτὸς
585 1274 643 1363 γὰρ
664 1281 816 1360 ἐφέλκεται
837 1277 933 1361 ἄνδρα
954 1284 1095 1354 κίναιδος.

272 1366 357 1439 Quod
377 1376 473 1427 tamen
493 1366 613 1425 ulterius
635 1376 806 1441 monstrum,
831 1386 914 1445 quam
936 1367 1032 1426 mollis
1053 1365 1177 1426 auarus?

271 1448 351 1509 llaec
373 1451 471 1525 tribui,
496 1450 601 1511 deinde
622 1450 672 1509 illa
695 1450 778 1525 dedi,
803 1466 871 1510 mox
891 1451 974 1529 plura
995 1450 1099 1509 tulisti:
1112 1486 1156 1497 -
1252 1517 1270 1535 ,ι

273 1530 426 1612 Computat
447 1552 481 1594 ac
506 1542 601 1593 cevet.
634 1532 759 1593 Ponatur
781 1534 927 1608 calculus,
951 1534 1044 1605 adsint
1218 1543 1253 1596 to

273 1614 344 1675 Cum
366 1617 464 1677 tabula
485 1619 584 1695 pueri:
605 1632 722 1676 numera
744 1620 880 1677 sestertia
901 1619 1027 1697 quinque

274 1699 411 1761 Omnibus
433 1702 462 1759 in
482 1700 588 1775 rebus,
614 1710 799 1759 numerentur
820 1701 925 1761 deiude
951 1700 1079 1760 labores.

272 1782 318 1841 An
338 1784 425 1843 lacile
449 1794 478 1845 et
499 1801 619 1863 pronum
642 1792 689 1842 est
710 1800 800 1860 agere
822 1786 895 1844 intra
917 1785 1032 1843 viscera
1054 1802 1158 1863 penem

272 1864 440 1943 Legitimum
463 1877 548 1947 atque
575 1868 634 1927 illic
657 1867 812 1927 hesternae
835 1884 992 1928 occurrere
1016 1866 1147 1927 coenae?

272 1951 381 2008 Servus
405 1952 460 2009 crit
480 1952 570 2011 minus
593 1951 644 2009 ille
668 1953 773 2026 miser,
800 1953 849 2028 qui
873 1952 1109 2027 foderit-agrum,
1216 1960 1250 2015 45

273 2031 365 2104 Quam
387 2033 540 2107 dominum.
576 2034 636 2093 Sed
657 2043 687 2091 tu
710 2052 779 2093 sane
801 2044 932 2093 tenerum
956 2044 985 2091 et
1006 2052 1126 2112 puerum
1145 2042 1177 2092 te

272 2114 309 2174 Et
334 2114 482 2195 pulchrum
504 2124 533 2173 et
555 2116 669 2191 dignum
692 2118 796 2191 cyatho
820 2116 966 2194 coeloque
989 2117 1124 2193 putabam

271 2198 333 2257 Vos
357 2198 453 2257 humili
476 2199 644 2274 asseculae,
667 2216 720 2258 vos
741 2199 928 2276 indulgebitis
950 2217 1080 2277 umquam

273 2279 400 2357 cultori,
424 2284 478 2341 iam
503 2282 680 2355 necmorbo
706 2283 814 2343 donare
836 2280 949 2360 parati?

271 2364 317 2425 En
339 2366 384 2423 oui
404 2373 434 2423 tu
457 2365 577 2424 viridem
595 2364 765 2439 umbellam,
789 2367 833 2424 cni
857 2368 972 2425 succina
992 2367 1086 2425 mittas
1217 2379 1252 2429 50

273 2448 411 2523 Grandia,
437 2448 539 2507 natalis
562 2449 680 2526 quoties
699 2450 774 2509 redit
795 2459 843 2509 aut
862 2449 1003 2509 madidum
1024 2466 1079 2508 ver
1190 2502 1194 2512 ,
1335 2447 1339 2460 ’

272 2530 374 2609 incipit
396 2540 425 2590 ct
449 2540 537 2591 strata
560 2533 671 2609 positus
693 2532 838 2611 longaque
863 2532 999 2592 cathedra

271 2611 391 2673 Munera
411 2613 544 2674 femineis
566 2624 670 2675 tractat
693 2626 807 2677 secreta
830 2615 977 2676 kalendis!

271 2697 340 2772 Dic,
365 2714 484 2775 passer,
510 2700 555 2758 cui
575 2708 617 2758 tot
640 2710 768 2777 montes,
793 2709 836 2760 tot
857 2700 975 2779 praedia
998 2718 1099 2759 servas

271 2780 402 2859 Appula,
425 2791 469 2841 tot
490 2783 593 2843 milvos
616 2784 687 2843 intra
711 2794 760 2844 tua
783 2802 890 2862 pascua
912 2781 1028 2843 lassos?
1199 2794 1251 2845 -55

272 2863 314 2923 Te
342 2862 497 2925 Trifolinus
521 2884 591 2942 ager
611 2866 742 2927 fecundis
764 2868 868 2926 vitibus
894 2868 1004 2945 implet,

268 2950 504 3029 Suspectumque
526 2950 621 3025 iugum
645 2949 742 3009 Gumis
764 2959 793 3009 et
813 2950 923 3011 Gaurus
945 2952 1036 3008 inanis
1059 2984 1102 2997 «

271 3030 343 3090 Nam
365 3034 428 3109 quis
450 3032 533 3110 plura
557 3034 618 3099 linit
638 3035 750 3092 victuro
773 3033 851 3092 dolia
873 3030 989 3091 musto?
1009 3066 1051 3078 -—

273 3114 415 3187 Quantum
439 3125 501 3175 erat
523 3116 654 3175 exhausti
677 3117 789 3175 lumbos
811 3116 919 3175 donare
943 3117 1056 3176 clientis
1115 3120 1118 3127 ’

271 3196 423 3275 Iugeribus
446 3200 562 3277 paucis!
586 3199 725 3259 meliusne
745 3198 794 3258 hic
814 3201 938 3259 rusticus
959 3200 1052 3260 inians
1217 3208 1252 3261 60

274 3279 343 3339 Cum
362 3290 456 3343 'matre
480 3292 509 3341 et
531 3283 636 3342 casulis
658 3291 687 3341 et
709 3282 864 3342 conlusore
887 3284 993 3343 catello

274 3362 410 3438 Cymbala
435 3366 575 3443 pulsantis
598 3366 724 3442 legatum
746 3367 798 3426 liet
819 3365 922 3427 amicii

230 3522 233 3527 Ι
273 3445 424 3525 lmprobus
452 3466 500 3524 es,
525 3466 610 3527 quum
635 3452 751 3528 poscis,
776 3452 823 3510 ait.
840 3481 882 3495 --
901 3448 960 3507 Sed
982 3449 1084 3525 pensio
1107 3446 1210 3509 clamat

272 3530 382 3597 Posce;
406 3531 459 3591 sed
482 3528 612 3609 appellat
632 3550 705 3611 puer
727 3535 843 3609 unicus,
864 3543 896 3593 ut
915 3532 1083 3609 Polyphemi

272 3611 342 3672 Lata
364 3614 458 3688 acies,
482 3632 536 3692 per
557 3634 640 3695 quam
661 3617 767 3677 sollers
788 3619 881 3677 erasit
901 3614 1012 3678 Ulixes,
1217 3627 1251 3681 65

274 3695 358 3761 Alter
382 3698 519 3757 eruendus
545 3702 614 3776 erit,
638 3716 758 3781 namque
781 3701 829 3760 bic
851 3716 908 3757 nou
927 3698 1048 3774 sullicit,
1073 3697 1157 3759 ambo
1183 3712 1187 3719 ·
