3050 4484
652 473 864 535 rannnrnio.
1220 491 1261 540 x1
1340 527 1344 540 ,

271 633 333 689 nalis
345 631 424 687 cultor
435 637 546 702 apparet,
566 631 613 686 iam
630 630 696 685 lrnnc
713 631 814 686 utribus
823 633 944 702 prioribus
962 647 991 688 co
1007 634 1119 706 longiore
1133 635 1260 691 intervallo

272 719 441 790 seiungernns‚
461 731 508 787 quo
532 713 644 770 castiore*
658 715 757 785 insuper
781 715 864 771 habitu
881 732 895 770 1
916 731 994 772 nonae
1017 719 1104 773 satirae
1121 718 1259 791 impuritqrtc

271 801 436 871 distinguitur.

358 883 424 938 Haec
438 883 555 938 hactonus
573 883 604 938 de
616 883 726 938 universa
738 883 858 938 luvenalis
868 885 917 940 vita
928 890 953 938 et
962 885 1044 954 poesi:
1055 887 1163 946 necuim
1174 887 1205 942 de
1215 901 1259 956 pe·

271 958 401 1022 culiaribns
418 967 469 1022 eius
485 968 523 1022 vel
540 967 667 1022 virtutibus
677 967 714 1021 vel
725 952 851 1026 leno'oiniis
868 969 971 1038 poeticis
986 969 1097 1038 pluribus
1106 970 1258 1040 disputemus

271 1053 397 1122 ipsamque
406 1052 532 1106 satirarum
543 1051 609 1106 velut
621 1051 742 1106 officinam
752 1053 896 1121 perscrutati
906 1058 949 1106 ant
958 1053 1121 1107 elocutionem
1133 1053 1163 1108 nd
1176 1059 1258 1110 orato

271 1137 334 1190 rium
346 1135 475 1206 argenteae
486 1135 571 1190 aetatis
580 1139 651 1190 usnni
665 1136 839 1190 conformatam
848 1142 1004 1190 autueterum
1014 1138 1258 1208 poetsrnmllergiliie

272 1219 372 1283 lioratii,
385 1215 471 1286 Ovidii,
484 1219 559 1290 immo
570 1225 595 1272 et
605 1218 680 1274 Persii
693 1219 852 1274 imilationem
862 1235 1008 1281 enarremus,
1020 1220 1175 1289 praelationis
1186 1220 1257 1276 huius

272 1303 333 1358 ratio
344 1309 369 1358 et
378 1303 466 1358 modus
475 1310 541 1357 vetat
551 1303 656 1373 satisque
665 1303 803 1358 habendum
813 1311 852 1358 ost
861 1304 965 1358 lectores
974 1304 1005 1358 ad
1016 1319 1045 1357 ea
1055 1304 1183 1365 remisisse.
1195 1320 1257 1374 quae

272 1393 298 1442 et
307 1387 443 1458 Kocnigins
458 1387 515 1440 olim
526 1387 552 1440 in
563 1387 663 1458 egregia
675 1389 879 1443 commentatione
889 1387 920 1441 de
930 1385 1007 1441 Satira
1018 1386 1140 1453 Romane,
1153 1385 1255 1442 Oldenb.

272 1473 350 1530 1796.
368 1473 386 1529 8
402 1485 425 1539 p.
439 1471 474 1525 44
484 1474 585 1541 sqq.59
601 1485 652 1541 sqq.
666 1469 700 1526 74
712 1487 763 1542 sqq.
784 1478 809 1525 et
820 1471 935 1527 Nisardus
946 1472 970 1525 in
981 1469 1073 1526 Etndes
1083 1471 1114 1526 de
1124 1485 1221 1526 moeurs
1231 1478 1257 1526 et

272 1555 303 1609 de
314 1555 415 1626 critique
425 1569 468 1608 sur
476 1555 512 1608 les
521 1560 605 1624 poetes
621 1554 692 1608 latins
709 1554 739 1610 de
749 1555 771 1609 la
782 1555 931 1618 decadence,
948 1554 1022 1608 Brrnr.
1033 1556 1111 1612 1834.
1122 1560 1171 1618 ln.
1186 1555 1213 1610 T.
1225 1555 1254 1616 ll

271 1653 296 1711 p.
310 1642 404 1697 101—
416 1639 467 1694 174
484 1645 509 1692 et
525 1638 801 1709 novissime'Bemingus
819 1639 849 1694 de
865 1639 931 1694 satir.
949 1640 1018 1709 poesi
1031 1637 1255 1702 milensimam

271 1723 358 1776 collata
376 1737 432 1777 cnm
448 1721 478 1775 ll.
497 1720 548 1776 lun.
567 1721 618 1780 luv.
637 1721 812 1794 Recllirrglrusi
828 1722 988 1793 rursusque
1005 1723 1091 1777 eodem
1109 1731 1254 1793 argumento

234 1865 239 1880 ⁸
269 1805 436 1862 leclernsin
448 1803 510 1860 llus.
528 1807 637 1877 magistr.
649 1805 727 1862 Rhen.
740 1806 879 1876 Guestplral.
892 1807 920 1861 7.
932 1806 971 1862 lv.
981 1823 1007 1876 p.
1022 1809 1055 1863 57
1065 1835 1101 1845 -
1111 1809 1146 1863 70
1156 1808 1181 1860 in
1192 1806 1254 1861 hanc

269 1903 321 1944 rem
337 1889 502 1953 contulemnt3
518 1904 593 1946 nrrnm
609 1890 667 1945 illud
683 1891 730 1945 ianr
747 1891 898 1963 singulamm
912 1891 1039 1945 sanrarum
1055 1897 1198 1962 1131111111
1209 1906 1254 1960 per

269 1973 374 2047 quinque
389 1973 464 2028 libros
482 1975 631 2044 persecuturi
650 1988 792 2041 monemus,
812 1974 956 2030 rhetoricum
972 1974 1076 2029 hominis
1093 1975 1252 2044 discipinam,

268 2072 340 2128 quam
350 2073 381 2112 ne
391 2058 416 2112 in
426 2057 636 2114 vehementissimo
647 2059 743 2129 quidem
755 2059 844 2128 poetici
856 2059 948 2114 ardoris
957 2059 1051 2128 impetn
1067 2065 1109 2113 aut
1119 2058 1201 2113 abiicit
1211 2065 1253 2113 sut

269 2141 415 2206 dissimulat,
433 2142 553 2211 imprimis
570 2142 643 2196 etiam
661 2142 708 2197 hoc
719 2141 820 2198 artilicio
830 2143 936 2206 censeri,
951 2142 1016 2213 quod
1027 2142 1155 2212 pleraeque
1164 2142 1252 2198 satirae

267 2225 292 2280 in
304 2241 399 2280 summa
414 2225 530 2280 libertatis
542 2225 623 2296 specie
639 2225 670 2280 ad
686 2233 766 2280 certae
775 2226 938 2296 dispositionis
949 2227 1052 2280 sormam
1069 2232 1195 2296 partesque
1205 2241 1251 2280 nu·

266 2323 335 2362 mern
346 2308 455 2362 delinitas
466 2307 600 2378 descriptae
610 2316 679 2372 sumt,
691 2325 793 2380 quarum
804 2317 916 2364 accurata
930 2309 1111 2373 observatione,
1124 2309 1197 2362 ctiam
1208 2309 1251 2364 ubi

267 2391 409 2462 longissimo
416 2392 542 2460 exspatiari
550 2392 651 2458 videtur,
660 2397 741 2446 tamen
751 2407 847 2462 semper
855 2393 921 2447 velut
931 2399 1017 2461 sponte
1026 2407 1071 2448 sua
1080 2393 1106 2446 irr
1113 2393 1176 2446 riam
1188 2392 1250 2446 redit

199 2511 203 2525 r
266 2489 346 2545 neque
355 2489 471 2545 umquem
477 2480 527 2542 tam
533 2475 633 2530 licenter
639 2477 752 2542 excurrit,
760 2482 789 2530 nt
795 2489 844 2531 nun
849 2476 928 2530 omnia
934 2475 1050 2554 aequabili
1062 2476 1250 2531 interserenore

266 2559 422 2630 iungantur·
436 2558 499 2612 lntra
515 2559 623 2631 singulas
639 2560 712 2615 modo
725 2568 806 2630 partes
822 2560 870 2615 hoo
879 2559 925 2614 sibi
935 2559 1060 2632 indulget,
1073 2566 1100 2615 ut
1111 2560 1187 2614 semel
1197 2575 1249 2614 rem

145 2707 151 2720 Ι
211 2688 213 2694 .
266 2641 354 2698 dixisse
364 2658 413 2696 non
425 2650 552 2698 contentus
563 2643 665 2700 eandem
676 2645 746 2700 variis
757 2645 796 2699 vel
806 2645 922 2714 exemplis
931 2645 970 2699 vel
981 2644 1127 2716 imaginibus
1136 2632 1259 2710 illustret*

266 2741 387 2798 quumque
403 2727 451 2781 iam
471 2729 550 2782 omnia
568 2727 706 2784 exhausisse
716 2729 838 2796 videatur,
857 2735 963 2784 veterem
977 2729 1248 2784 sententiamnuvarnm

265 2812 414 2882 argutiarum
425 2810 556 2866 luminibus
573 2811 719 2877 inflammet,
730 2813 806 2868 immo
816 2811 854 2868 vel
866 2813 979 2868 fortuitae
991 2813 1121 2867 mentionis
1130 2818 1248 2881 opportu-

264 2895 339 2949 nitate
355 2887 385 2950 ad
398 2895 516 2967 longioris
534 2896 714 2952 declamationis
736 2897 834 2952 acnlous
855 2897 981 2960 aluntur.
1000 2912 1061 2967 quos
1079 2896 1199 2952 interdum
1216 2896 1246 2950 ad

265 2978 446 3050 epigrammatis
462 2979 561 3049 propius
569 2996 646 3066 ¹quarn
662 2982 692 3036 ad
708 2981 795 3036 satirae
805 2980 910 3036 indolem
927 2980 1042 3035 accedere
1052 2981 1116 3043 dini3
1128 2979 1153 3034 id
1165 2986 1246 3034 tamen

171 3117 174 3126 ,
264 3067 357 3117 tantum
369 3061 437 3118 abest
444 3070 472 3117 nt
482 3063 597 3118 lectorem
610 3064 737 3119 conturbet
751 3065 817 3119 etde
827 3065 943 3134 propositi
954 3065 1091 3135 argumenti
1108 3063 1246 3121 considera·

264 3145 330 3200 tione
346 3154 444 3214 avocet,
462 3153 490 3202 nt
507 3147 626 3218 paulisper
641 3149 792 3219 requiescere
806 3149 899 3204 iussum
918 3145 984 3202 velut
1002 3149 1104 3221 integris
1114 3147 1205 3202 virinus
1214 3146 1245 3201 ad
1310 3179 1316 3188 -

264 3229 372 3299 rapidum
383 3232 469 3290 satirae
479 3247 576 3287 cursum
592 3233 783 3302 persequendum
799 3232 907 3286 remittat
922 3232 1048 3303 ipsumque
1064 3232 1129 3286 lrrmc
1146 3245 1244 3286 cursum

263 3313 292 3367 ea'
305 3329 385 3368 rerum
400 3316 515 3370 varietate
531 3316 676 3388 distinguat.
693 3323 721 3370 ut
733 3317 840 3387 quamvis
856 3324 909 3370 artu
917 3318 996 3386 spatio
1005 3316 1082 3370 multo
1094 3315 1244 3384 pluraquam

262 3413 307 3467 pro
324 3399 496 3453 sententiarum
512 3415 613 3454 numero
629 3399 720 3472 legisse
736 3399 781 3454 libi
796 3399 907 3454 videaris.
935 3399 1019 3471 Neque
1036 3401 1100 3454 enim
1110 3399 1243 3452 sententiae

263 3488 356 3535 tantum
368 3481 410 3536 sed
425 3482 520 3553 singula
531 3489 649 3554 quotquot
657 3491 713 3538 sunt
723 3481 795 3538 umba
805 3483 923 3538 luvenalis
936 3483 1053 3538 lectorem
1063 3483 1101 3538 vel
1116 3482 1243 3536 advenum

261 3565 300 3618 uel
311 3565 433 3620 advertere
443 3563 543 3630 dehent,
562 3581 593 3622 ne
611 3567 706 3621 inanem
721 3568 849 3638 strepitum
860 3567 898 3621 rel
914 3566 1084 3622 abundantiam
1092 3571 1187 3636 arguat,
1198 3566 1242 3621 ubi

262 3647 397 3719 largissimo
408 3649 525 3703 acuminis
535 3655 560 3702 ct
571 3650 640 3719 eopia
652 3657 677 3705 et
689 3651 810 3722 elegantis
820 3651 895 3713 latet;
910 3656 986 3720 utque
1001 3655 1078 3704 aloto
1094 3650 1182 3704 satirae
1194 3664 1240 3721 gc·

262 3746 333 3796 nere,
353 3731 416 3803 qnod
427 3733 513 3788 merito
524 3731 636 3788 Horatius
646 3734 750 3788 cernunt
755 3734 859 3806 muman
868 3732 1003 3803 appellauit,
1014 3731 1074 3791 ninii
1083 3734 1183 3790 alienius
1193 3739 1238 3798 eut,

262 3829 334 3886 quam
344 3822 371 3871 ut
381 3815 495 3873 tloscnlos
508 3816 547 3872 vel
558 3815 677 3888 ampullas
690 3818 715 3872 in
726 3817 829 3873 dicendo
840 3823 932 3888 captet,
945 3817 978 3872 ita
988 3816 1053 3874 hund
1061 3818 1113 3889 scio
1123 3833 1153 3873 an
1163 3817 1188 3872 in
1198 3816 1240 3874 lu·
