3050 4484
576 499 577 504 ¹
634 499 759 546 sauma
781 499 829 546 vr.
1202 486 1243 550 35

254 639 337 714 Quae
360 639 434 716 fugit
456 656 472 699 a
495 634 590 698 sexul
622 637 710 698 Vires
733 635 829 698 amat?
853 637 929 698 baec
948 649 1045 700 tamen
1059 640 1131 719 ¹ipsu

252 725 306 783 Vir
326 723 418 782 nollet
439 722 517 792 lieri;
540 739 606 782 nam
629 721 763 800 quantula
785 729 885 781 nostra
907 724 1058 802 voluptas!

254 807 347 881 Quale
370 807 460 867 decus
483 823 596 882 rerum,
622 807 646 864 si
669 805 806 882 coniugis
824 807 921 864 auctio
944 807 1004 882 liat,
1106 850 1109 853 ,
1190 817 1243 872 255

177 951 182 958 .
251 892 369 953 Balteus
393 899 423 950 et
444 891 574 950 manicae
599 899 628 948 et
649 892 756 949 cristae
780 890 932 967 crurisque
954 891 1062 950 sinistri

251 975 406 1036 Dimidium
431 975 572 1052 tegimem
595 972 644 1033 vel
669 975 694 1033 si
714 974 831 1034 diversa
852 973 981 1033 movebit

251 1058 387 1135 Proelia,
410 1067 440 1118 tu
462 1058 551 1135 felix,
575 1073 679 1116 ocreas
701 1057 848 1116 vendente
870 1057 988 1135 puella!

251 1143 313 1203 liae
336 1151 419 1216 sunt,
445 1158 520 1219 qnae
546 1143 624 1202 teuui
647 1141 800 1205 sudantia
822 1140 963 1217 cyclade,
987 1159 1107 1221 quarum

251 1223 382 1288 Delicias
406 1234 435 1284 et
456 1225 629 1302 panniculus
651 1225 842 1300 bombycinus
863 1224 941 1284 nrit‘l
1192 1234 1246 1289 too

252 1311 380 1389 Aspice,
405 1325 463 1386 quo
486 1309 602 1368 fremitu
624 1317 801 1368 monstratos
823 1309 955 1386 perierat
976 1310 1061 1386 ictus,

252 1393 290 1454 lit
312 1399 419 1470 quanto
443 1391 549 1468 galeae
575 1401 711 1451 curvetur
733 1392 884 1470 pondere,
907 1403 1013 1470 quanta

252 1475 413 1555 Poplitibus
437 1475 540 1536 sedeat
564 1492 648 1554 quam
670 1475 761 1538 denso
785 1477 877 1535 fascia
901 1476 988 1551 libro,

251 1560 290 1621 llt
312 1560 390 1635 ride,
414 1561 519 1638 positis
541 1557 691 1637 scaphium
713 1577 799 1638 quum
821 1560 942 1618 sumitur
964 1561 1059 1619 armis.

252 1645 348 1704 Dicite
370 1659 424 1702 uos
448 1652 553 1720 neptes
573 1642 674 1721 Lepidi
697 1644 818 1704 caecive
840 1641 964 1719 Metelli,
1192 1652 1244 1708 265

253 1727 380 1804 Gurgitis
402 1736 449 1786 aut
473 1725 570 1802 Fabii,
594 1740 669 1805 quae
690 1727 767 1788 ludia
789 1729 944 1804 sumpserit
963 1744 1096 1807 umquam

251 1811 312 1872 llos
336 1809 465 1879 babitus;
488 1810 604 1890 quando
628 1810 664 1870 ad
686 1811 784 1889 palum
806 1820 904 1887 gemat
926 1829 1002 1870 uxor
1022 1810 1128 1888 Asyli?

295 1896 419 1973 Semper
438 1893 527 1954 babet
549 1895 616 1954 lites
640 1895 812 1973 alternaque
834 1896 929 1971 iurgia
951 1894 1057 1971 lectus,

251 1979 284 2040 ln
306 1995 363 2056 quo
385 1987 473 2057 nupta
494 1977 585 2046 iacet;
607 1979 751 2037 minimum
773 1979 913 2038 dormitur
932 1980 961 2037 in
983 1979 1046 2038 illo.

250 2061 466 2139 Quumgravis
489 2061 539 2122 illa
562 2063 643 2137 viro,
668 2071 735 2120 tuuc
759 2060 831 2120 orba
852 2061 960 2138 tigride
981 2064 1066 2140 peior
1192 2069 1245 2125 tto

254 2144 360 2224 [Quum
383 2145 497 2206 simulat
519 2146 643 2222 gemitus
665 2145 773 2204 occulti
797 2146 915 2204 conscia
937 2145 1037 2224 lacti,]

252 2229 311 2289 Aut
334 2229 394 2288 odit
416 2243 542 2308 pueros,
568 2237 616 2290 aut
638 2228 705 2288 licta
732 2228 843 2306 pellice
864 2228 972 2306 plorat,
1130 2298 1139 2305 ¹

251 2311 398 2372 Uberibus
422 2329 539 2390 semper
559 2313 685 2394 lacrimis
708 2329 884 2390 semperque
905 2314 1014 2389 paratis
1094 2314 1098 2325 ¹
1137 2319 1142 2345 l

252 2395 285 2455 ln
307 2398 431 2456 statione
455 2413 506 2454 sua
529 2405 617 2474 atque
638 2395 876 2474 exspectantibus
898 2395 988 2470 illam,

253 2477 319 2552 Quo
345 2479 442 2539 iubeat
466 2497 581 2540 manare
603 2479 706 2538 modo:
730 2488 760 2538 tu
783 2479 880 2538 credis
901 2495 1040 2554 amorem,
1106 2526 1108 2531 .
1193 2485 1244 2542 tib

254 2562 296 2622 Τιι
318 2562 369 2622 tibi
394 2572 462 2623 tuuc
485 2562 582 2622 Unuca
606 2563 707 2642 places
730 2563 887 2640 lletumque
910 2561 1028 2622 labellis

252 2645 422 2722 Exsorbes,
446 2665 520 2726 quae
543 2648 651 2725 scripta
675 2656 705 2706 et
728 2655 798 2726 quot
820 2647 934 2706 lecture
956 2645 1092 2721 tabellas,

253 2731 284 2791 Si
305 2729 357 2790 tibi
379 2731 534 2810 zelotypae
556 2741 726 2808 retegantur
747 2731 854 2790 scrinia
875 2730 1034 2790 moechae!

254 2814 313 2874 Sed
338 2817 415 2874 uacet
434 2816 462 2874 iu
488 2817 566 2875 servi
590 2815 793 2894 complexibus
818 2823 866 2873 aut
888 2815 1010 2894 equitis;
1033 2813 1091 2889 dic,

253 2897 308 2956 Dic
331 2898 472 2977 aliquem,
496 2899 602 2974 sodes,
627 2899 691 2973 liic,
716 2896 908 2974 Quintiliane,
934 2897 1078 2957 colorem!
1191 2905 1245 2960 280

252 2977 427 3051 Haeremus}
452 2982 499 3042 dic
519 2983 596 3062 ipsa!
610 3015 652 3030 -η
676 2982 750 3041 Olim
772 2989 965 3057 convenerat,
989 2982 1090 3058 inquit,

252 3063 290 3124 Ut
315 3065 431 3126 laceres
453 3075 500 3142 tu,
523 3065 600 3145 quod
622 3065 735 3143 velles,
750 3083 814 3124 ‘uec
838 3082 896 3124 uon
919 3081 977 3141 ego
998 3081 1118 3144 possem

252 3147 409 3226 ludnlgcre
432 3149 515 3212 mibi:
542 3149 650 3210 clames
673 3150 743 3210 licet
766 3159 796 3208 et
817 3167 897 3208 mare
920 3148 1007 3209 coelo

254 3229 437 3308 Gouluudas,
461 3234 547 3294 homo
570 3252 642 3297 sum.
668 3267 711 3280 —-
733 3231 812 3297 Nibil
834 3243 880 3293 est
901 3233 1039 3293 audacius
1060 3231 1118 3290 illis

252 3315 415 3392 Deprensis
425 3331 436 3375 ι
459 3319 530 3377 iram
553 3327 640 3398 atque
665 3319 776 3378 animos
802 3336 819 3376 e
843 3318 960 3378 crimine
984 3323 1106 3376 sumunt.
1191 3323 1243 3377 285

295 3397 378 3459 Unde
401 3398 476 3458 haec
497 3411 624 3462 monstra
646 3411 741 3462 tamen
765 3401 814 3460 vel
837 3402 944 3479 quode
966 3402 1065 3476 fonte,
1087 3396 1233 3478 requiris?

253 3482 424 3544 Praestabat
451 3492 546 3544 castas
567 3485 681 3546 humilis
702 3486 819 3546 fortuna
840 3485 954 3546 Latinas

255 3565 424 3643 Quondam,
447 3584 502 3626 nec
523 3567 599 3628 vitiis
623 3569 750 3646 contingi
773 3587 864 3650 parva
887 3567 1020 3628 sinebant

255 3649 345 3712 Tecta
367 3650 452 3712 labor
473 3651 624 3730 somnique
644 3651 751 3714 breves
775 3663 805 3713 et
830 3653 944 3712 vellere
965 3651 1062 3712 'lusco
1175 3672 1181 3680 ’

252 3732 386 3798 Vexatae
409 3734 557 3814 duraeque
577 3753 677 3796 manus
702 3755 737 3797 ac
759 3737 908 3816 proximps
930 3735 1008 3879 urbi3
1022 3815 1038 3853 *
