3050 4484
290 487 327 534 lv
677 485 884 532 PRAEFATIO.

294 631 375 702 plures
385 637 410 684 et
418 628 511 684 ‘scholia
522 630 605 685 eodem
618 630 758 700 pertinentia
769 631 801 684 ita
818 635 983 694 accesserunt,
1004 635 1032 682 ut
1044 645 1108 684 nuno
1120 629 1169 682 iere
1179 629 1268 684 duode

293 715 343 770 oirn
358 727 438 768 rerum
455 714 655 768 luvenalianarum
674 720 748 768 testes
761 713 903 778 habeamus,
923 712 1049 784 dequibus
1061 719 1086 766 et
1099 710 1231 783 Pinzgerus
1244 713 1268 766 in

295 798 314 854 l.
327 797 384 852 Chr.
397 797 461 851 lalrn.
473 796 502 850 N.
515 797 596 852 dunel.
610 799 676 854 1835
687 797 714 853 Τ.
726 797 786 860 XIV.
801 813 827 868 p.
840 801 889 856 261
902 813 954 868 sqq.
967 802 991 850 et
1002 813 1046 850 nos
1059 795 1199 850 inProoem.
1210 797 1268 854 lect.

297 882 363 936 Gott.
383 884 452 937 1843
469 881 571 950 amplius
589 877 774 950 disputarimus
795 896 926 951 eomnrque
941 887 1034 950 septem
1049 878 1269 934 catenularum

293 966 326 1020 ad
337 964 447 1018 editionis
456 979 513 1018 suae
530 965 620 1018 calcem
637 965 753 1025 subiecit;
773 966 814 1035 qul
825 966 865 1020 ubi
882 966 944 1019 inter
959 979 986 1017 se
1002 965 1168 1024 consentiunt.
1187 964 1269 1034 utique

296 1048 428 1116 locupletes
445 1047 594 1103 existimandi
611 1055 680 1113 sunt,
699 1049 735 1102 sin
752 1048 894 1103 dissentiunt
925 1048 1018 1102 nullum
1037 1047 1096 1102 adeo
1114 1063 1170 1117 pree
1181 1047 1269 1100 ceteris

293 1131 440 1188 e'mineutem
458 1131 574 1197 offerunt,
590 1137 618 1186 ut
628 1139 669 1186 aut
685 1133 782 1186 omniuo
805 1140 846 1188 aut
861 1133 885 1186 in
903 1132 1042 1203 gravissima
1060 1131 1106 1186 lrac
1123 1131 1268 1202 quaestione.

296 1216 396 1286 qrraead
408 1215 504 1269 exilium
522 1221 606 1285 poetae
617 1223 723 1284 spectat,
739 1216 804 1270 illius
814 1217 893 1285 potius
909 1216 981 1270 tidem
997 1231 1069 1287 quam
1084 1223 1192 1269 nostrum
1209 1213 1269 1268 iudi·

270 1339 274 1364 ,
293 1299 361 1353 cium
372 1300 439 1370 sequi
449 1299 584 1354 debeamus.
617 1298 668 1362 Qua
680 1301 704 1353 in
715 1301 853 1370 quaestione
863 1299 1015 1370 hocquidem
1032 1301 1094 1355 inter
1110 1313 1194 1353 omues
1212 1312 1270 1351 con·

265 1382 267 1388 ’
293 1389 356 1446 Ὶειαῐς
378 1383 513 1438 lurenalem
530 1383 559 1436 ab
578 1383 735 1452 imperatore,
754 1384 823 1437 cuius
838 1385 898 1438 iram
912 1383 951 1438 rel
967 1384 1128 1454 suspicionem
1138 1395 1270 1452 paucomm

292 1481 408 1521 versuum
419 1467 491 1521 satira
500 1467 538 1520 rel
549 1467 721 1540 epigrammate
731 1469 860 1528 mouisset.
877 1467 922 1521 snb
933 1469 1013 1536 specie
1026 1467 1124 1522 horroris
1134 1472 1159 1520 et
1169 1465 1270 1520 obtentu

295 1550 420 1604 militiolae
430 1552 454 1604 in
466 1557 586 1604 extremos
597 1551 688 1620 imperii
701 1552 760 1605 lues
770 1551 907 1622 ablegatum
919 1565 979 1616 esse,
990 1566 1069 1622 neque
1079 1550 1109 1611 de
1125 1565 1197 1603 causa
1207 1549 1270 1602 illius

295 1636 347 1688 irae
359 1635 519 1688 controversia
530 1640 578 1698 est,
596 1635 653 1704 quin
663 1635 740 1692 iidem
745 1650 828 1689 rersus
840 1635 942 1695 iruerint,
955 1649 1015 1704 quos
1029 1649 1094 1688 nunc
1109 1632 1161 1686 Sat.
1172 1632 1222 1684 Vll.
1234 1635 1270 1687 90

252 1771 260 1784 ,
299 1744 335 1756 *—
345 1721 378 1774 92
395 1718 497 1770 insertos
506 1716 615 1772 Paridem
629 1719 803 1787 pantomimum
821 1719 845 1771 in
862 1717 990 1772 Domitiani
1008 1717 1061 1771 aula
1076 1716 1270 1786 potentissimum

208 1861 210 1865 ,
296 1801 385 1855 acerbe
396 1801 624 1870 commendemus,
641 1803 704 1857 unde
721 1803 794 1856 etiam
804 1800 886 1855 Sidon.
900 1800 1093 1870 repellimur
1108 1799 1165 1853 irco
1174 1798 1270 1852 meme·

294 1885 336 1939 ,nte
346 1885 437 1939 eculeo
450 1885 589 1954 appellarim
605 1890 629 1961 at
646 1893 670 1940 et
681 1885 711 1940 de
721 1885 776 1940 loco
787 1886 851 1939 exitii
868 1891 892 1938 et
903 1884 1086 1954 deimperature
1095 1883 1140 1952 ipsi
1149 1895 1270 1954 guorma-

296 1969 338 2022 tici
349 1969 408 2022 adeo
420 1969 480 2021 inter
491 1983 517 2021 se
528 1967 669 2038 discrepant,
681 1969 765 2032 utnisi
775 1969 873 2024 internis
883 1967 1031 2038 argumentis
1040 1967 1151 2021 adhibitis
1160 1965 1269 2045 stabilem

296 2051 331 2106 rei
342 2052 471 2123 imaginem
482 2052 608 2121 concipere
620 2067 668 2106 nou
686 2051 763 2106 liceat.
795 2052 908 2116 Quamvis
917 2051 981 2105 enim
996 2065 1095 2106 numero
1105 2050 1201 2120 plurimi
1212 2062 1270 2118 poe·

213 2141 218 2152 '
297 2143 345 2190 tem
358 2135 529 2207 inaegyptum
541 2137 640 2190 missum
653 2149 705 2190 esse
715 2138 817 2198 tradant,
828 2144 908 2190 nmen
919 2150 950 2188 ne
963 2135 988 2189 lri
998 2135 1093 2206 quidem
1104 2136 1165 2188 inter
1175 2148 1202 2187 se
1212 2148 1269 2186 con·

296 2221 415 2281 mutiunt,
436 2219 478 2274 sed
495 2234 569 2290 quum
580 2219 619 2274 elii
635 2225 766 2275 extremam
777 2220 880 2291 uegypu
893 2228 985 2290 partem
1001 2226 1042 2272 aut
1052 2219 1171 2272 civitatem
1182 2216 1270 2270 lloasiu

295 2301 393 2368 (schol.
405 2302 425 2354 l.
440 2306 469 2371 1)
481 2304 519 2356 rel
537 2303 614 2358 Hoasa
626 2303 720 2370 (Schol.
733 2304 773 2357 lV.
785 2306 833 2372 38)
851 2305 987 2368 nominent,
1006 2302 1092 2357 sniuas
1115 2315 1170 2355 cunr
1186 2299 1271 2354 ltlalala

295 2386 480 2458 chronographo
490 2387 520 2442 de
528 2386 777 2459 llomrtianolorpneus,
787 2379 868 2451 ὅστις,
880 2387 964 2458 inqrrit,
971 2382 1096 2457 βασιλεὺς
1103 2378 1211 2451 ἐξώρισε
1222 2377 1271 2434 τὸν

294 2463 475 2540 Ἶουβενάλιοω
485 2465 514 2523 ἐν
527 2465 697 2528 Hemoniae
708 2465 754 2526 ἐπὶ
763 2466 815 2540 vde
825 2467 945 2542 Λιβύηνι
958 2479 1006 2526 tres
1016 2468 1208 2541 deniqueScutr'cr'
1217 2466 1271 2520 eet

284 2555 530 2626 ¹¹rrrrreponitereorvel
546 2555 717 2624 praefecturam
729 2557 832 2610 rnilitum
843 2566 897 2610 erun
914 2556 1152 2624 accepissenarranta
1169 2553 1271 2620 impera·

296 2645 375 2691 torem
390 2644 471 2691 autern
482 2637 542 2692 alius
553 2638 677 2693 Claudium
697 2627 831 2701 Neronem,
849 2639 909 2693 alius
918 2639 1057 2702 Traianum,
1070 2636 1166 2706 plurimi
1177 2641 1272 2688 tantum

301 2721 463 2774 Domitianum
474 2729 622 2782 memorant:
632 2737 710 2792 neque
721 2723 780 2777 adeo
791 2729 886 2792 tempus
897 2721 961 2774 exilii
977 2721 1061 2775 iisdem
1072 2720 1159 2774 linibus
1169 2720 1272 2773 circum-

253 2875 255 2878 ·
296 2804 416 2866 scribunt,
434 2803 497 2874 quod
514 2819 588 2874 quum
607 2821 669 2860 uuus
680 2805 709 2860 ab
720 2813 826 2860 extrema
837 2805 966 2860 Domiieni
983 2811 1060 2858 aetate
1070 2817 1146 2874 usque
1156 2803 1186 2857 ad
1197 2804 1271 2857 Auto-

241 2925 245 2928 -
296 2889 379 2942 ninum
386 2886 455 2942 Pium
466 2889 584 2952 extendat,
596 2890 635 2944 alii
647 2891 740 2943 exulem
751 2889 813 2944 intra
823 2889 989 2944 brevissimum
998 2894 1094 2957 tempus
1104 2887 1172 2941 senio
1182 2901 1211 2940 ac
1221 2892 1272 2938 tae·

296 2971 336 3026 dio
347 2973 410 3025 ritae
418 2973 551 3042 naeniisque
562 2973 711 3044 aegritudine
722 2973 875 3044 absumptum
884 2972 1031 3042 perhibeant.
1045 2978 1082 3025 est
1093 2971 1165 3024 etiarn
1175 2967 1272 3040 quilio·

297 3069 361 3108 nram
372 3069 508 3119 reversum,
527 3073 597 3128 prum
615 3055 746 3112 Mertimm
762 3074 831 3112 uror
846 3070 895 3110 uon
910 3057 1012 3118 videam
1031 3071 1096 3109 euno
1113 3053 1198 3108 motis
1213 3068 1272 3105 moe

294 3139 371 3194 altero
381 3141 567 3210 doomoperiroo
577 3141 703 3196 tristitiae
712 3145 803 3214 erepere
815 3141 1012 3214 perdissenamat.
1031 3137 1062 3192 Et
1071 3137 1190 3192 denotatis
1201 3146 1278 3201 anno‚‘

209 3228 212 3236 ’
297 3239 368 3294 quem
385 3230 456 3292 poeta
471 3225 591 3294 attigerit,
604 3225 687 3294 reliqui
699 3241 794 3296 quoqne
804 3220 835 3280 ita
846 3231 871 3278 et
879 3226 940 3278 inter
950 3239 978 3278 se
987 3230 1012 3276 et
1023 3237 1078 3276 curo
1086 3221 1213 3293 Borghesi
1223 3219 1272 3274 cal·

289 3307 358 3362 culis
368 3313 518 3378 oongnrrrnt,
535 3315 562 3361 ut
577 3307 702 3380 octogiuta
720 3310 821 3378 amplius
838 3323 913 3362 annos
933 3315 1017 3361 natum
1032 3305 1168 3360 lurenalem
1185 3305 1273 3360 coisse

223 3415 225 3419 ·
294 3405 340 3459 pro
351 3391 475 3460 explorato
487 3405 576 3460 ponere
587 3391 670 3453 liceat;
688 3393 713 3446 id
730 3393 809 3462 ipsum
824 3399 906 3446 tamen
922 3393 942 3446 si
961 3391 1142 3460 amplectimur,
1160 3387 1272 3444 sanemi-

295 3487 352 3528 rum
363 3483 399 3530 est
416 3489 499 3530 senem
513 3477 708 3547 octogenarium,
730 3477 771 3546 qui
788 3477 881 3531 nullum
899 3483 969 3530 antea
980 3475 1079 3529 militiae
1091 3475 1211 3544 specimen
1222 3470 1273 3524 edi-

293 3558 383 3617 disset.
403 3559 496 3613 colrorti
513 3559 536 3612 in
554 3560 666 3614 extremis
681 3561 773 3628 imperii
790 3559 876 3614 imbus
894 3561 1002 3614 tendenti
1017 3561 1070 3613 sine
1086 3559 1172 3612 horum
1190 3555 1272 3608 tioium

293 3637 403 3710 periculo
415 3641 509 3710 praefici
520 3645 642 3712 petrem
659 3659 704 3698 nec
715 3645 795 3698 minus
812 3645 871 3698 illud
881 3645 1006 3708 miramur,
1019 3644 1082 3714 quod
1100 3641 1145 3693 etsi
1157 3638 1207 3692 Sat.
1221 3637 1271 3692 llll.

295 3724 341 3778 sub
351 3723 468 3780 Hadriano
479 3725 592 3796 scriptam
604 3729 749 3782 esseluneus
759 3727 844 3782 consul
858 3729 952 3791 evincit,
964 3729 1107 3783 Hadrianum
1115 3723 1179 3777 exilii
1190 3728 1273 3776 aucto-

294 3821 348 3864 rem
359 3823 429 3863 nemo
440 3809 509 3864 testis
518 3812 628 3880 prodidit,
640 3813 683 3868 sed
691 3811 729 3868 rel
738 3812 780 3884 qui
788 3813 919 3868 versiculos
929 3813 987 3868 olim
997 3807 1195 3894 contraParidem
1205 3819 1275 3862 corn·
1341 3800 1350 3807 ”
1410 3874 1411 3895 ¹
