3050 4484
284 473 327 535 42
617 486 651 533 n.
667 486 738 533 rua.
755 484 942 533 roverium

285 622 324 684 m
344 624 559 701 xerampelinas
578 632 698 685 veteres
721 624 961 704 donaveritipsi,

284 706 339 783 Ut,
363 708 500 785 quidquid
522 708 609 768 subiti
632 717 662 768 et
681 711 778 785 magui
799 709 972 769 discriminis
989 710 1086 785 instat,
1222 720 1276 774 520

285 790 319 851 ln
339 792 451 851 tunicas
473 802 520 852 eat
543 801 572 851 et
592 800 683 851 totum
706 793 799 851 semel
822 796 923 870 expiet
944 809 1057 867 annum.

284 872 442 935 iliberuum
462 874 555 935 iracta
574 874 672 951 glacie
694 876 856 936 descendet
876 878 905 935 iu
925 894 1049 951 amnem,

285 956 345 1019 'l'er
366 958 503 1019 matutino
529 956 628 1019 Tiberi
648 968 799 1037 mergetur
818 969 850 1019 et
869 961 942 1037 ipsis

284 1040 452 1101 verticibus
475 1043 603 1103 timidum
626 1051 713 1121 caput
738 1042 855 1111 abluet;
882 1044 950 1103 inde
974 1042 1103 1121 Superbi

253 1162 266 1177 ι
285 1124 389 1185 Totum
409 1126 490 1202 regis
512 1144 613 1203 agrum
633 1126 708 1186 nuda
729 1144 766 1185 ac
787 1125 976 1186 tremebunda
997 1128 1126 1187 cruentis
1223 1138 1275 1190 tm

284 1207 397 1287 Erepet
417 1208 555 1285 genibus:
581 1210 606 1269 si
629 1209 751 1269 candida
773 1209 954 1285 inmeritis,

284 1290 341 1353 lhit
363 1291 397 1351 ad
423 1292 552 1373 Aegypti
574 1293 660 1353 linem
683 1293 838 1371 calidaque
858 1296 965 1372 petitas

285 1375 314 1435 Δ
334 1374 437 1437 hieroe
461 1376 589 1457 portabit
608 1394 716 1456 aquas,
741 1386 773 1436 nt
793 1386 916 1456 spargat
936 1380 965 1435 in
985 1376 1090 1436 aedem

285 1458 388 1535 leidis,
411 1462 528 1538 antiquo
551 1478 626 1539 quae
648 1462 781 1539 proxima
803 1464 897 1538 surgit
917 1460 997 1520 ovili.

286 1540 389 1602 Credit
412 1545 486 1603 euim
510 1546 601 1623 ipsius
624 1544 756 1604 dominae
781 1564 816 1604 se
836 1562 914 1604 voce
934 1545 1062 1603 moneri:
1225 1553 1277 1606 5³⁰

285 1625 331 1686 lin
353 1628 474 1688 animam
496 1637 525 1687 et
546 1636 686 1705 mentem,
711 1648 775 1689 cum
796 1645 853 1707 qua
874 1629 903 1688 di
925 1637 1013 1688 nocte
1036 1627 1205 1705 loquantur!

285 1709 366 1785 Ergo
386 1710 435 1769 hic
458 1713 645 1789 praecipuum
667 1730 863 1790 summumque
883 1720 1013 1771 meretur
1032 1710 1185 1787 honorem,

287 1792 342 1867 Qui
365 1796 460 1871 greg'e
482 1793 606 1872 linigero
629 1796 821 1857 circumdatus
838 1805 868 1855 et
889 1812 984 1873 grege
1005 1793 1091 1855 calvo

286 1876 453 1953 Plangentis
476 1878 578 1956 populi
600 1880 690 1938 currit
711 1878 828 1939 derisor
847 1877 969 1938 Anubis.

286 1957 341 2020 Ille
364 1962 438 2039 petit
458 1964 588 2037 veniam,
613 1964 727 2040 quoties
748 1981 806 2023 uon
829 1963 956 2023 abstinet
975 1980 1051 2022 uxor
1077 1997 1079 2002 ·
1224 1969 1278 2023 535

287 2041 451 2104 Concubitu
472 2047 565 2105 sacris
587 2045 838 2126 observandisque
863 2046 977 2121 diebus,

286 2126 450 2209 Magnaque
473 2128 596 2191 debetur
616 2131 727 2191 violato
750 2148 847 2210 poena
869 2131 1006 2204 cadurco,

286 2210 325 2272 lit
346 2215 474 2272 movisse
498 2222 586 2292 caput
607 2216 670 2274 visa
694 2224 740 2274 est
760 2223 900 2291 argentea
922 2229 1059 2293 serpens3

285 2292 366 2355 lilius
392 2296 527 2357 lacrimae
549 2292 743 2376 meditataque
766 2316 909 2358 murmura
925 2305 1085 2376 praestant,

286 2377 325 2441 Ut
347 2380 460 2441 veniam
483 2381 587 2459 culpae
610 2400 667 2443 uon
691 2382 812 2458 abnuat,
841 2399 945 2442 ansere
967 2396 1073 2457 magno

287 2464 409 2525 Scilicet
431 2473 460 2523 et
481 2466 559 2525 tenui
581 2483 697 2544 popano
720 2475 890 2544 corruptus,
916 2463 1019 2525 Osiris.
1086 2493 1090 2506 ·

288 2546 382 2621 Quum
403 2547 482 2607 dedit
505 2548 556 2609 ille
579 2550 690 2609 locum:
718 2550 845 2627 cophino
867 2549 1017 2627 faenoque
1039 2548 1155 2623 relicto,

288 2631 432 2690 Arcanum
453 2630 559 2692 iudaea
580 2641 708 2692 tremens
729 2633 876 2692 mendicet
895 2634 925 2691 in
945 2650 1054 2707 aurem,

287 2714 437 2791 Interpres
458 2714 557 2793 legum
580 2715 761 2790 Solymarum
786 2725 816 2775 et
836 2733 941 2793 magua
959 2715 1100 2776 sacerdos

289 2796 412 2857 Arboris
434 2814 469 2857 ac
494 2800 594 2857 summi
617 2799 674 2859 lida
699 2799 871 2859 internuntia
895 2799 983 2859 coeli.

288 2880 394 2959 implet
415 2890 445 2940 et
466 2880 516 2942 illa
540 2899 668 2959 manum,
691 2884 744 2944 sed
767 2885 898 2963 parcium
920 2885 1111 2943 aeremiuuto

224 3032 227 3039 Ι
289 2962 517 3044 Qualiacumque
536 2966 622 3027 voles
644 2966 743 3029 ludaei
763 2969 874 3028 somnia
896 2967 1033 3027 vendunt.

289 3046 420 3127 Spondet
445 3058 601 3111 amatorem
624 3059 755 3111 tenerum
777 3052 825 3112 vel
849 3052 946 3112 divitie
967 3050 1031 3111 orhi

289 3128 505 3193 Testamentum
525 3135 645 3211 ingens,
669 3136 782 3196 calidae
805 3136 943 3215 pulmone
966 3133 1118 3194 columbae

289 3214 441 3292 Tractato‚
465 3216 618 3279 Armenius
639 3220 687 3279 vel
713 3217 923 3296 Commagenus
947 3218 1111 3296 haruspex3

288 3298 413 3359 Pectora
436 3300 581 3379 pullorum
602 3302 855 3379 rimabitur,·exta
875 3300 985 3375 catelli,

287 3380 435 3444 Interdum
458 3393 487 3444 et
510 3386 607 3463 pueri;
631 3387 735 3461 faciet,
762 3387 840 3464 quod
862 3385 978 3444 deierat
1000 3386 1077 3464 ipse.

290 3462 445 3529 Chaldaeis
467 3469 522 3528 sed
543 3471 634 3530 maior
656 3472 711 3529 erit
733 3468 853 3529 fiducia:
876 3468 1014 3546 quidquid

290 3548 404 3609 Dixerit
426 3551 609 3629 astrologus,
636 3552 796 3612 credente
818 3553 899 3613 ioute
920 3552 1042 3612 relatum

289 3630 469 3711 Hammonis,
494 3638 628 3713 quoniam
650 3636 773 3715 Delphis
797 3637 916 3697 oracula
938 3646 1054 3697 cessant

290 3712 327 3775 Et
349 3734 442 3795 genus
462 3717 614 3781 humanum
636 3719 749 3781 damnat
771 3719 869 3798 caligo
892 3721 988 3781 futuri.
