3050 4484
297 470 338 532 44
617 483 652 530 1).
672 482 743 529 nunu.
766 477 954 528 mvuunnrs

298 624 418 685 'lantum
441 630 518 682 artes
540 621 641 696 huius,
664 629 772 681 tantum
794 618 983 679 medicamina
1002 628 1136 697 possunt,
1233 626 1286 682 595

298 706 380 779 Quae
405 706 521 766 steriles
544 706 613 764 lacit
636 713 723 781 atque
744 704 875 764 bomines
895 704 924 761 in
944 711 1047 762 ventre
1069 704 1218 763 necandos

298 790 450 849 Gonducit.
496 789 611 863 Gaude,
639 786 870 865 inielixfatquc
891 788 956 865 ipse
979 786 1135 846 bibendum

295 874 436 957 Porrige,
454 872 591 953 quidquid
614 873 683 940 erit;
706 889 772 931 nam
795 873 820 929 si
843 871 1010 931 distendere
1032 870 1126 930 vellet

295 956 334 1016 Et
355 972 466 1015 vexare
491 962 602 1015 uterum
626 957 726 1033 pueris
750 954 939 1030 salientibus,
964 962 1050 1014 esses

295 1040 451 1117 Aethiopis
473 1040 600 1099 fortasse
621 1049 719 1116 pater:
743 1056 813 1097 mox
834 1037 957 1099 decolor
978 1038 1067 1097 berea
1235 1046 1289 1099 buu

294 1123 434 1201 Implerct
456 1122 584 1197 tabulas,
608 1138 759 1201 numquam
781 1121 833 1181 tibi
853 1140 936 1182 mane
955 1121 1106 1181 videndus.

295 1208 427 1267 Transeo
450 1207 621 1285 suppositos
643 1215 673 1265 et
694 1206 798 1284 gaudia
820 1214 948 1283 votaque
970 1222 1060 1284 saepe

295 1292 341 1351 Ad
365 1308 487 1369 spurcos
503 1293 643 1369 decerpta
662 1290 743 1349 lacus
763 1298 852 1367 atquc
875 1289 942 1348 inde
966 1290 1075 1368 petitos
1093 1330 1097 1335 -
1156 1313 1159 1318 ·

295 1374 469 1447 Pontifices,
493 1373 610 1447 ¹salios,
636 1374 810 1435 Scaurorum
832 1374 947 1432 uomina
972 1372 1048 1433 lalsu

296 1456 431 1536 Corpore
455 1458 575 1518 laturos.
620 1458 683 1517 Stat
703 1456 829 1516 Fortuna
854 1456 985 1534 improba
1009 1464 1107 1530 noctu,
1235 1464 1289 1516 6⁰5

295 1542 437 1603 Arridens
459 1542 542 1601 nudis
563 1540 733 1609 inlarrtibus;
758 1540 813 1600 boa
834 1540 917 1600 fovet
939 1558 1040 1600 omnes

294 1625 578 1703 Involvitquesinm
604 1624 736 1684 domibus
758 1633 828 1684 tunc
852 1625 978 1702 porrigit
999 1624 1064 1683 altis

297 1711 510 1787 Secretumque
532 1708 587 1767 sibi
610 1710 723 1767 mimum
746 1717 844 1786 parat;
870 1707 924 1767 bos
947 1717 1038 1782 amat,
1060 1706 1104 1765 bis
1126 1723 1160 1765 se

294 1791 405 1869 ingerit
429 1802 517 1869 utque
542 1808 611 1850 suos
626 1807 743 1869 semper
754 1789 890 1869 producit
911 1792 1052 1851 alumnos.

295 1874 349 1936 llic
373 1875 613 1951 magicosaffert
637 1884 754 1950 cantus,
775 1875 826 1934 bic
848 1874 989 1935 'lbessala
1010 1872 1111 1933 uendit
1235 1879 1291 1933 610

295 1958 425 2033 Philtra,
449 1958 553 2037 quibus
575 1959 671 2019 valeat
692 1968 817 2019 mentem
840 1976 951 2018 vexare
971 1959 1064 2017 mariti

296 2042 334 2102 llt
357 2042 439 2101 solea
465 2041 583 2119 pulsare
607 2051 706 2115 nates3
732 2043 811 2121 quod
838 2043 964 2122 desipis,
991 2042 1059 2106 iude
1079 2047 1139 2107 esu

171 2122 174 2127 ’
296 2124 368 2186 lude
394 2127 479 2185 animi
506 2125 602 2203 caligo
630 2136 659 2187 et
683 2146 787 2206 magna
811 2126 919 2187 oblivio
940 2144 1048 2201 rerum,

298 2210 377 2285 Quas
398 2208 485 2269 modo
509 2212 638 2286 gessisti.
685 2210 793 2271 'lamen
813 2210 871 2270 hoc
894 2210 1067 2284 tolerabile,
1089 2208 1115 2266 si
1135 2223 1194 2266 non

297 2290 335 2353 Et
356 2293 455 2353 furere
478 2294 617 2372 incipias,
640 2303 671 2353 ut
693 2295 852 2355 avunculus
874 2294 925 2354 ille
947 2293 1084 2368 Neronis,
1150 2292 1161 2388 ,¹
1237 2294 1291 2352 615
1407 2315 1408 2330 u

298 2375 352 2437 Cui
373 2386 462 2437 totam
485 2377 599 2437 tremuli
622 2379 747 2438 frontem
769 2376 913 2438 Caesonia
937 2378 1010 2457 pulli

297 2460 420 2521 lnludit:
446 2459 520 2540 quae
544 2479 601 2522 non
627 2463 732 2538 laciet,
757 2463 834 2543 quod
858 2464 999 2541 principis
1020 2456 1113 2521 uxori

297 2544 448 2604 Ardebant
471 2554 574 2605 cuncta
597 2555 626 2605 et
647 2546 739 2607 fracta
762 2564 906 2625 compage
927 2545 1060 2621 ruebant,

297 2626 363 2687 Non
386 2626 473 2687 aliter
500 2644 585 2706 quam
608 2631 633 2688 si
656 2630 779 2689 iecisset
799 2630 870 2690 luno
893 2631 1022 2689 maritum

297 2710 442 2771 insanum.
486 2709 580 2771 illinus
605 2730 678 2789 ergo
700 2730 812 2773 nocens
840 2715 895 2773 erit
918 2713 1099 2791 Agrippinae
1237 2720 1292 2773 620
1407 2753 1408 2772 r

297 2793 435 2855 Baletus:
457 2795 600 2873 siquidem
620 2798 703 2856 unius
727 2797 902 2875 praecordia
924 2798 1033 2875 pressit

298 2878 353 2937 llle
377 2878 455 2937 senis
478 2878 690 2959 tremulumque
713 2890 799 2959 caput
818 2881 1001 2941 descendere
1024 2880 1108 2939 iussit

214 3032 216 3036 ⁸
298 2960 331 3021 ln
353 2961 468 3027 coelum
490 2970 520 3021 et
540 2954 628 3040 longi
650 2968 792 3025 manantia
815 2965 895 3025 labra
917 2965 1022 3031 saliva:

298 3044 379 3104 Haec
402 3046 499 3122 poscit
518 3046 626 3106 lerrum
649 3058 735 3126 atque
758 3052 858 3126 ignes,
886 3050 961 3109 baec
984 3048 1065 3125 potio
1087 3054 1216 3125 torquet,

276 3128 380 3189 ⁴llaec
403 3128 515 3189 lacerat
537 3131 642 3191 mixtos
666 3135 793 3211 equiturn
816 3151 880 3193 cum
901 3132 1041 3207 sanguine
1066 3138 1176 3207 patres.
1239 3137 1293 3191 625

300 3211 383 3272 Tanti
405 3222 504 3291 partus
529 3231 640 3292 equae,
664 3219 733 3277 tanti
757 3233 812 3277 uua
832 3216 965 3275 venefica
985 3213 1113 3273 constat!
1158 3287 1162 3295 Ι

344 3294 474 3357 [iderunt
496 3304 581 3356 natos
603 3299 639 3358 de
662 3301 790 3378 pellice;
812 3316 897 3358 nemo
919 3306 1074 3373 repugnet,

299 3378 392 3439 Nemo
416 3388 512 3447 vatem
537 3380 592 3440 iam
615 3384 671 3443 iam
694 3385 856 3461 privignum
880 3380 1019 3441 occidere
1040 3381 1086 3441 las
1109 3388 1170 3450 est;
1205 3440 1210 3445 ,

299 3462 362 3522 Vos
387 3480 463 3539 ago,
486 3462 604 3541 pupilli,
628 3482 750 3542 moneo,
773 3465 879 3543 quibus
900 3464 1024 3542 amplior
1048 3474 1094 3524 est
1115 3482 1176 3539 res,

302 3544 455 3605 custodite
477 3548 585 3607 animas
609 3559 638 3608 at
659 3550 730 3616 nulli
751 3549 865 3609 credite
885 3564 1019 3617 mensam
1239 3554 1294 3609 630

266 3624 269 3635 '
300 3628 400 3689 Livida
425 3638 554 3689 materno
578 3632 693 3692 fervent
715 3634 830 3711 adipata
852 3648 978 3693 veneno.
1092 3684 1098 3699 ,

303 3710 450 3791 {Mordeat
472 3721 538 3771 ante
564 3717 684 3793 aliquis,
713 3716 850 3795 quidquid
873 3716 1040 3794 porrexerit
1059 3714 1121 3790 illa,
