3050 4484
650 486 776 536 auum
796 489 831 535 v.
1191 476 1235 539 te

241 625 368 686 Frivola.
409 625 500 701 Quod
521 644 607 704 quum
628 627 667 688 ita
688 629 742 702 sit,
766 636 796 687 tu
820 625 971 688 Gaetulum
994 626 1191 702 Ganymedem

242 710 382 789 Respice,
407 729 493 790 quum
512 712 606 772 sities.
648 709 752 770 Nescit
771 719 815 770 tot
845 710 961 772 milibus
985 721 1099 790 emptus
1197 723 1236 778 oo

242 793 420 872 Pauperibus
441 795 567 856 miscere
589 813 678 873 puer:
699 794 754 854 sed
777 795 889 871 turma,
911 795 965 856 sed
987 805 1069 854 aetas
1200 844 1204 851 .

241 877 334 955 ldlgna
358 878 532 956 supercilio;
560 878 674 957 quando
698 879 736 938 ad
758 887 789 938 te
812 880 949 958 peruenit
967 875 1044 938 illei

241 960 362 1035 Quando
386 971 512 1040 rogatus·
526 963 610 1024 adest
632 962 744 1022 calidae
768 962 945 1042 gelidaeque
965 961 1117 1022 minister?

241 1045 358 1124 Quippe
379 1046 543 1123 indignatur
566 1048 661 1106 veteri
684 1063 790 1124 parere
814 1046 925 1121 clienti,

240 1128 384 1207 Quodque
406 1129 514 1208 aliquid
535 1147 659 1208 poscas,
683 1139 713 1189 et
733 1131 813 1208 quod
835 1149 870 1190 se
892 1140 987 1191 stante
1009 1131 1174 1192 recumbas.
1197 1142 1235 1196 6¹0

237 1211 362 1274 Maxim
385 1231 518 1292 quaeque
540 1213 645 1274 domus
665 1216 759 1272 seruis
783 1222 830 1273 est
852 1215 940 1294 plena
962 1214 1109 1294 superbis.

117 1305 118 1360 ἶ
228 1294 320 1360 ,Ecce
342 1295 416 1356 alius
438 1305 549 1374 quante·
569 1299 703 1376 porrexit
724 1316 869 1358 murmure
891 1317 996 1377 panem

117 1371 119 1440 ἶ
238 1379 296 1440 Vix
318 1377 456 1455 fractum,
480 1379 592 1441 solidae
615 1382 672 1440 iam
693 1379 808 1442 mucida
828 1382 920 1442 frusta
941 1383 1064 1458 farinae,

117 1465 118 1502 ³
240 1462 322 1536 Quae
343 1465 499 1540 genuinum
522 1465 650 1542 agitent,
673 1467 731 1524 nen
753 1464 932 1537 admittentia
953 1483 1097 1526 morsum:

117 1559 119 1574 ¹
239 1547 299 1607 Sed
322 1555 407 1607 tener
428 1557 458 1609 et
479 1549 582 1608 niveus
605 1546 745 1627 mollique
768 1546 883 1625 siligine
905 1549 1000 1609 lactus
1197 1558 1235 1614 70

238 1632 379 1692 Servatur
402 1631 527 1692 domino.
572 1631 711 1692 Dextram
733 1630 875 1692 cohihere
897 1641 1060 1702 memento;

238 1715 326 1776 Salva
348 1715 385 1774 sit
407 1725 540 1794 artoptae
563 1715 745 1776 reverentia!
772 1715 852 1793 linge
873 1725 970 1776 tamen
992 1726 1022 1776 te

236 1797 453 1878 lmprohulnm‚
477 1799 697 1879 superestillie
717 1801 767 1878 qui
789 1817 902 1879 ponere
924 1809 1030 1878 cogat:

236 1883 290 1942 Vis
313 1892 342 1942 tu
364 1885 512 1944 consuetis
533 1883 628 1945 audax
651 1886 777 1944 conviva
797 1886 932 1945 canistris

236 1966 356 2044 lmpleri
380 1969 522 2047 panisque
544 1969 585 2028 tui
605 1970 726 2028 novisse
751 1965 961 2028 coleremi-
1196 1976 1232 2032 7⁵

117 2109 120 2126 ,
237 2051 359 2112 Scilicet
380 2051 438 2112 hou
460 2053 574 2127 iuerat,
596 2061 720 2131 propter
743 2053 823 2130 qued
846 2069 937 2130 saepe
958 2052 1072 2112 relicta.

238 2133 372 2211 Coniuge
395 2131 449 2214 pe'r
470 2144 597 2195 montem
621 2136 776 2196 adversum
795 2134 970 2212 gelidasque
993 2137 1107 2194 cucurri

117 2215 119 2266 l
237 2218 403 2297 Esquilias,
426 2219 566 2280 fremeret
587 2237 677 2280 saeva
699 2237 787 2298 φιιιιιι
807 2218 949 2296 grandine
970 2236 1078 2278 vernus

118 2347 119 2356 ,
236 2302 368 2380 luppiter
392 2312 421 2362 et
443 2303 531 2363 multe
555 2303 679 2363 stillaret
692 2303 826 2382 'paenula
847 2301 1014 2362 nimbo!-

236 2387 368 2465 Aspice,
390 2405 476 2466 quarn
498 2386 588 2462 longo
611 2386 756 2446 distendat
769 2395 903 2465 pectore
925 2386 1051 2461 lancem,
1194 2395 1234 2449 80

237 2471 321 2546 Quae
345 2469 437 2531 iertnr
460 2471 576 2530 domiuo
598 2470 721 2548 squilla,
748 2479 779 2529 et
800 2469 906 2549 quibus
928 2469 1054 2548 undique
1076 2478 1161 2549 septa

237 2557 416 2634 Asparagis,
441 2572 497 2634 qna
518 2555 663 2633 despiciat
685 2555 818 2614 convivia
840 2550 943 2628 cauda,

234 2639 310 2700 Dum
340 2643 419 2702 venit
456 2637 569 2698 excelsi
593 2637 724 2698 manibus
746 2637 860 2698 sublata
882 2638 1018 2700 ministri:

237 2725 298 2783 Sed
319 2722 371 2782 tibi
394 2724 510 2785 dimidio
535 2724 710 2782 constrictus
729 2739 895 2782 cammarus
916 2738 974 2794 oro

237 2807 356 2867 Ponitur
378 2809 484 2885 exigua
506 2807 608 2868 feralis
632 2823 725 2866 coena
747 2805 868 2885 patella.
1168 2837 1171 2842 ’
1194 2813 1232 2866 85

237 2889 306 2969 lpse
330 2889 496 2952 Venafrano
519 2893 632 2970 piscem
653 2890 816 2968 perfundit:
840 2899 869 2948 at
890 2888 954 2962 laic,
975 2889 1024 2966 qui

237 2973 366 3035 Pallidus
389 2977 508 3036 aliertur
526 2975 635 3034 misero
658 2973 710 3033 tibi
733 2973 844 3048 caulo,
869 2971 963 3032 olebit

237 3057 422 3127 Lanternam;
446 3060 515 3120 illud
540 3060 616 3118 enim
638 3058 747 3118 restris
767 3057 852 3116 datur
875 3055 1017 3131 alveolis,
1038 3056 1117 3134 quod
1211 3118 1215 3125 ,

239 3139 338 3204 Canna
359 3141 544 3220 Micipsarum
565 3159 654 3221 prora
677 3139 814 3200 subrexit
833 3148 930 3206 acuta:
981 3158 985 3164 ’

239 3225 364 3304 Propter
383 3227 461 3304 quud
483 3225 593 3286 Romae
615 3225 835 3285 cum-Boccare
858 3241 944 3283 nemo
964 3223 1085 3300 lavatur,
1195 3232 1232 3286 90
1292 3238 1299 3248 ⁴

241 3307 338 3386 [Quod
361 3317 438 3368 tutos
464 3311 549 3369 etiam
571 3310 678 3370 iacit'a
701 3306 888 3386 serpentibus
911 3307 1005 3385 atris]

239 3389 345 3452 Mullus
368 3393 422 3452 erit
446 3393 569 3469 domini,
593 3411 679 3470 quem
700 3394 778 3452 misit
800 3388 937 3466 Corsica,
960 3391 1010 3450 rel
1031 3408 1117 3469 quem

241 3473 500 3538 Tauromenitanae
522 3494 629 3555 rupes,
651 3477 768 3556 qnando
793 3493 877 3536 omne
900 3472 1049 3554 peractum
1072 3481 1118 3532 est
1156 3517 1159 3523 >

238 3556 277 3617 Et
297 3560 353 3620 iam
375 3561 484 3621 deiecit
504 3567 633 3620 nostrum
653 3577 750 3636 mare,
770 3560 839 3620 darn
861 3559 930 3637 gula
953 3559 1057 3634 saevit,

240 3639 363 3703 Rutilius
386 3645 508 3705 assiduis
531 3645 646 3722 penitas
668 3653 817 3704 scrutante
843 3642 969 3703 macello
1193 3650 1229 3705 95

239 3723 390 3806 Proxima,
412 3747 467 3789 nec
487 3729 611 3808 patiamur
632 3727 812 3803 Tyrrhenum
834 3743 973 3788 crescere
994 3727 1115 3806 piscem.
