3050 4484
310 453 359 517 'ts
650 468 684 514 ι).
708 468 780 515 run.
803 465 989 533 massanus

318 609 434 671 Sumine
461 624 524 667 cunr
544 622 648 683 magno
671 606 755 685 lepus
781 616 867 685 atque
891 626 963 685 aper
977 617 1015 693 'et
1036 625 1186 687 pygargus
1273 679 1276 686 ‚

317 690 355 753 lit
382 692 535 766 Scythicae
560 690 698 758 volucres
724 699 754 750 et
780 690 1026 769 phoenicopterus
1053 695 1155 770 ingens

317 776 355 835 Et
378 774 513 835 Gaetulus
539 792 612 849 oryx
637 774 735 833 hebeti
755 773 911 843 lautissima
935 775 1016 833 ferro
1248 789 1298 843 ιω

319 858 455 919 Caeditur
480 868 509 917 et
534 866 702 917 totasonat
721 858 817 920 ubnea
841 874 934 918 coena
957 858 1080 921 Subura.
1168 856 1170 860 ’

317 942 380 1001 Nec
402 942 521 1001 frustum
547 957 672 1019 capreae
697 940 861 1001 subducere
886 959 942 1001 uec
967 942 1041 1001 latus
1068 943 1158 1004 Alrae

316 1024 405 1085 Novit
429 1027 490 1084 avis
512 1033 628 1100 noster,
656 1024 815 1084 tirunculus
842 1042 877 1083 ac
901 1025 981 1084 rudis
999 1029 1081 1088 cunni

318 1108 462 1187 Tempore
490 1118 519 1167 et
541 1110 669 1184 exiguae
693 1108 777 1168 furtis
804 1108 928 1167 imbutus
958 1109 1077 1171 ofellae.

317 1192 454 1252 Plebeios
480 1190 588 1251 calices
613 1200 642 1250 et
666 1192 768 1269 paucis
790 1190 905 1250 assibus
926 1202 1041 1270 eruptos
1246 1206 1297 1261 145

317 1275 450 1351 Porrigat
477 1275 600 1336 incultus
626 1292 699 1352 puer
719 1283 807 1353 atque
830 1292 847 1333 a
867 1274 980 1352 frigore
1003 1284 1096 1345 tutus;

316 1359 382 1419 Non
402 1359 498 1433 Phryx
526 1368 573 1417 aut
594 1357 710 1433 Lycius,
732 1352 801 1431 [non
829 1376 846 1417 a
870 1376 1014 1436 mangone
1038 1362 1146 1439 petitus

317 1444 474 1521 Quisquam
497 1444 566 1501 erit:
588 1444 617 1501 in
636 1441 749 1519 magno]
762 1460 849 1519 quum
870 1459 995 1520 posces,
1018 1460 1111 1521 peace
1133 1444 1230 1505 latine.

316 1526 396 1587 Idem
422 1525 533 1585 habitus
562 1526 691 1601 cunctis,
716 1528 793 1585 tonsi
817 1528 951 1603 rectique
973 1526 1072 1604 capilli

317 1610 413 1687 Atque
436 1610 523 1668 hodie
548 1618 655 1668 tautum
677 1619 798 1687 propter
818 1603 1050 1687 convicia'pexr'.
1228 1623 1300 1676 ,150

317 1693 446 1753 Pastoris
469 1693 530 1751 duri
551 1692 597 1752 hic
620 1701 665 1751 est
688 1693 779 1768 filiius,
806 1693 856 1753 ille
879 1692 1007 1753 bubulci.

317 1777 449 1854 Suspirat
475 1775 647 1851 longousu
667 1777 757 1835 visam
781 1786 914 1854 ternpore
939 1786 1070 1852 matrem,

317 1858 354 1919 Et
379 1860 506 1919 casulam
527 1868 555 1917 et
579 1867 665 1917 notos
687 1860 778 1918 tristis
802 1859 951 1920 desiderat
972 1860 1103 1937 haedor,'
1225 1912 1228 1922 .

317 1942 435 2019 Ingenui
459 1942 555 2001 vultus
578 1960 652 2020 puer
673 1944 849 2027 ingenuique
870 1944 1001 2023 pudoris,

318 2026 426 2098 Quales
453 2044 519 2085 esse
541 2026 643 2101 decet,
668 2044 742 2105 quos
765 2028 870 2088 ardens
891 2045 1019 2105 purpura
1039 2029 1142 2095 vestit3
1246 2039 1299 2091 155

292 2109 380 2189 ‘Neo
402 2111 562 2189 pupillares
585 2109 680 2169 delert
705 2112 734 2170 in
760 2110 865 2172 balnea
887 2128 994 2170 raucus

295 2192 496 2269 ,Testicnlos,
518 2211 574 2253 nec
596 2192 747 2253 vellendas
771 2196 827 2275 iam
849 2194 982 2273 praebuit
1003 2194 1076 2270 alas,
1166 2243 1168 2249 .

317 2275 423 2337 Grassa
445 2296 503 2337 uec
528 2278 665 2355 opposito
693 2278 814 2354 pavidus
835 2280 909 2354 tegit
932 2278 1049 2354 inguina
1070 2287 1163 2354 gutte.

316 2360 369 2419 Hic
395 2362 447 2420 tibi
471 2362 536 2421 vina
558 2359 636 2421 dabit
663 2360 765 2421 diffusa
789 2363 819 2422 in
839 2359 984 2421 montibus
1005 2361 1076 2437 illis,
1137 2401 1142 2415 .

316 2444 343 2503 A
366 2444 468 2521 quibus
492 2446 556 2522 ipsc
574 2444 674 2519 uenit,
698 2448 819 2523 quorum
841 2446 897 2505 sub
917 2446 1032 2507 uertioe
1055 2445 1138 2520 lusit;
1245 2456 1300 2511 160

315 2526 446 2607 Namque
468 2546 524 2587 uua
544 2536 631 2606 atque
651 2528 752 2587 eadem
775 2538 820 2588 est
842 2530 901 2588 riui
918 2530 1011 2607 patria
1033 2538 1121 2607 atque
1143 2531 1276 2593 ministri:

316 2610 448 2672 Forsitan
471 2620 645 2689 exspectes,
672 2621 702 2669 ut
728 2611 865 2673 Gaditana
887 2630 995 2674 canoro

315 2693 456 2773 incipiant
479 2696 592 2773 prurire
622 2694 711 2753 choro
734 2696 897 2775 plausuque
920 2696 1064 2774 probatae

316 2778 362 2837 Ad
387 2788 493 2839 terram
512 2778 637 2836 tremulo
663 2778 841 2839 descendant
863 2779 949 2839 clune
971 2778 1113 2858 puellae?

317 2863 458 2939 Spectant
482 2862 540 2921 hoc
560 2870 667 2939 nuptae
688 2862 767 2921 iuxta
789 2862 948 2924 recubante
971 2864 1084 2937 marito,
1245 2872 1298 2927 165

317 2944 402 3019 Quod
427 2945 534 3025 pudeat
556 2962 674 3005 narrare
699 2946 824 3025 aliquem
844 2948 1046 3027 praesentibus
1073 2948 1155 3026 ipsis,

316 3028 524 3089 lrritamcntum
548 3028 674 3089 Veneris
695 3030 858 3108 languentis
881 3041 912 3091 et
932 3049 1017 3093 acres

316 3112 420 3173 Divitis
445 3115 554 3173 urticae
577 3113 683 3191 (maior
704 3122 799 3175 tamen
823 3117 878 3176 ista
897 3116 1034 3193 voluptas

317 3196 446 3257 Alterius
466 3214 568 3264 sexus;
596 3198 688 3273 magis
709 3199 759 3260 ille
785 3199 949 3260 extenditur
972 3207 1003 3257 et
1026 3214 1096 3257 mox

316 3280 443 3341 Auribus
464 3290 550 3359 atque
576 3281 669 3351 oculis
691 3293 833 3361 concepta
857 3284 937 3341 uuna
953 3282 1133 3360 movetur);'
1247 3286 1302 3341 170

275 3430 278 3433 ,
318 3363 383 3423 Non
406 3366 483 3443 capit
505 3364 558 3423 has
582 3382 673 3441 nugas
695 3365 809 3427 humilis
831 3366 943 3425 domus.
980 3364 1086 3424 Audiat
1107 3363 1159 3423 ille

317 3447 468 3507 Testarum
494 3448 621 3524 crepitus
644 3468 708 3509 curn
732 3449 847 3523 verbis,
869 3448 975 3508 nudum
996 3448 1075 3508 olido
1097 3456 1175 3507 stans
1268 3460 1272 3474 ¹

317 3530 442 3592 Fornice
465 3532 636 3608 mancipium
657 3532 759 3610 quibus
782 3532 924 3608 abstinet,
945 3532 997 3592 ille
1019 3532 1130 3591 fruatur

196 3663 199 3671 ,
317 3615 447 3675 Vocibus
470 3614 607 3675 obscenis
633 3618 766 3693 omnique
787 3615 911 3677 libidinis
933 3624 1005 3691 arte,

319 3697 376 3771 Qui
394 3697 651 3759 Lacedaemonium
675 3702 827 3778 pytismate
848 3692 972 3760 lubricat
997 3697 1111 3765 orbern:
1246 3702 1300 3758 1⁷5

1400 2097 1405 2308 l
