3050 4484
293 461 342 504 XX
676 459 884 508 PRAEFATIO.

290 617 345 656 sum
357 608 462 668 metuat,
475 618 505 660 an
516 604 540 658 id
554 604 733 660 tundamentum
743 605 833 676 eligat,
853 605 922 660 cuins
931 604 1003 658 etiam
1013 604 1263 673 corruptelaenreram

291 685 455 756 antiquitatem
466 688 565 757 sapiant,
576 702 622 742 nec
632 703 731 744 nurnero
743 689 838 743 illomm
847 703 893 742 nec
903 687 1003 741 blandae
1012 687 1210 756 speciei'cooccdi
1221 688 1264 743 dc-

289 768 339 831 bet,
354 777 381 822 ut
391 770 506 840 singulari
519 771 590 826 huius
599 773 757 841 praestantiae
767 779 791 826 et
801 772 856 826 fidei
866 771 1021 841 praeferatur.
1051 771 1123 840 htqui
1133 786 1184 823 rara
1195 771 1265 824 luve-

288 853 350 908 nalis
359 853 453 908 lontrina
468 855 557 909 sactum
576 862 624 918 est,
644 863 672 909 ut
682 857 702 909 is
715 855 807 917 codex,
822 869 892 926 quern
908 854 987 908 solum
996 854 1042 908 hac
1052 854 1197 923 integritatis
1206 861 1263 908 nota

291 936 408 990 excellere
418 937 482 1002 dixi,
501 937 770 994 exBudeos'rllatthiae
780 939 876 993 Coruini
892 937 1036 991 bibliotheca
1053 937 1161 990 sublatus
1171 944 1263 990 mature

290 1019 390 1074 inPelri
399 1020 491 1076 Pithoni
506 1037 591 1078 manus
602 1023 748 1092 perveniret,
767 1024 808 1093 qui
824 1021 930 1075 eiusdem
948 1035 995 1090 ope
1011 1021 1035 1074 in
1046 1021 1149 1074 editione
1159 1019 1264 1074 Parisino

290 1107 359 1160 1585
374 1110 461 1173 poetae
475 1107 547 1162 verba
564 1107 597 1160 ita
613 1107 748 1170 recensuit,
765 1113 793 1160 ut
814 1105 885 1159 boios
906 1105 1053 1158 recensIonis
1072 1104 1200 1158 auctoritas
1220 1118 1265 1173 per

290 1186 406 1242 ducentos
422 1190 523 1259 amplius
541 1205 615 1244 annos
631 1190 681 1244 iere
698 1190 749 1244 sola
765 1189 911 1244 inluvenale
926 1195 1038 1260 regnaret
1052 1203 1156 1258 cumque
1165 1188 1264 1241 internis

289 1269 385 1325 dotibus
395 1273 466 1328 etiam
477 1275 596 1345 vulgatae,
607 1289 668 1344 quac
678 1275 778 1338 dicitur,
789 1274 856 1328 velut
868 1273 1079 1343 praescriptionem
1091 1272 1263 1342 coniungerem

288 1368 335 1408 nec
345 1355 424 1410 minus
436 1364 533 1428 gratum
543 1357 561 1413 Ι.
573 1359 601 1412 1.
614 1357 720 1412 Crameri
730 1359 852 1412 inventum
864 1357 916 1423 luit,
927 1357 968 1427 qui
978 1355 1107 1411 eorundem
1118 1355 1265 1410 scholiorum

289 1439 409 1508 genuinae
428 1441 553 1496 vetustatis
563 1443 769 1498 commendatione
785 1441 967 1512 praestantium,
984 1455 1086 1511 quorum
1107 1446 1200 1509 partem
1216 1440 1265 1493 iam

290 1521 409 1594 Georgius
415 1521 481 1579 111111
492 1527 662 1581 commentario
672 1543 716 1582 suo
726 1526 810 1580 Venet.
823 1529 891 1584 1486
901 1526 1044 1586 inseruerat.
1061 1524 1167 1592 pleniora
1184 1530 1264 1577 autem

288 1620 320 1659 ex
335 1621 379 1659 suo
390 1608 473 1662 codice
484 1609 597 1664 Pithoeus
613 1611 761 1676 subiecerat,
780 1610 902 1680 integmm
913 1608 1035 1676 exemplar
1051 1621 1081 1659 ex
1090 1607 1149 1663 bibl.
1162 1606 1265 1676 Sangal-

286 1687 348 1742 lensi
359 1705 382 1745 a.
395 1692 559 1752 reaccedit:
575 1693 693 1763 quodnisi
704 1693 868 1762 intempestiva
880 1692 1018 1765 criticomm
1027 1689 1134 1744 sollertia
1144 1690 1189 1743 sub
1199 1690 1264 1743 idem

287 1779 383 1840 tempus
399 1789 473 1828 novas
488 1774 570 1830 turbas
587 1777 713 1840 movisset,
731 1777 779 1829 iam
795 1782 847 1828 tum
859 1782 925 1828 recta
942 1773 972 1826 ad
988 1773 1123 1827 luvmalem
1139 1772 1264 1828 emendate

287 1855 418 1926 legendum
428 1858 465 1912 via
475 1859 579 1927 patabat.
608 1859 639 1912 ht
649 1860 713 1913 eninr
723 1859 787 1929 quod
797 1873 870 1928 saepe
880 1873 918 1912 res
927 1857 989 1911 hene
999 1857 1142 1912 constitutas
1156 1863 1263 1910 evertere

287 1941 436 2008 experimur,
457 1949 483 1996 ut
500 1943 561 1997 mala
572 1943 697 1997 hominum
712 1943 840 2008 sedulitas,
858 1943 916 1996 dum
926 1941 998 1994 etiam
1009 1941 1120 1996 meliores
1132 1940 1211 1994 lacere
1221 1955 1264 1994 cu-

285 2024 355 2092 piens
365 2025 469 2078 remedia
479 2027 647 2096 circumspicit,
660 2027 712 2096 ipsa
720 2025 808 2080 horum
818 2027 842 2079 vi
853 2025 968 2080 obmatnr
978 2032 1003 2078 et
1013 2025 1110 2095 caliget,
1121 2024 1264 2078 inluvenale

286 2123 381 2177 quoque
393 2108 479 2163 accidit
489 2129 495 2171 ;
513 2111 581 2164 cuius
592 2125 666 2181 quum
676 2116 714 2164 tot
724 2110 821 2166 codices
831 2116 890 2180 quot
899 2110 940 2164 vix
951 2109 1023 2163 ullius
1034 2109 1131 2162 alterius
1141 2108 1264 2177 scriptoris

286 2192 311 2244 in
329 2189 480 2246 bibliothecis
498 2200 635 2256 serventur,
656 2193 742 2248 homno
758 2194 903 2248 lectionibus
913 2192 1057 2265 colligendis
1067 2192 1264 2261 conserendisque

286 2274 428 2344 Repertus,
441 2273 598 2343 hclraintrius,
608 2277 774 2341 heinrichius,
786 2278 844 2332 dnm
855 2278 973 2348 corruptis
985 2277 1046 2331 locis
1054 2276 1172 2330 medelam
1182 2288 1264 2344 parare

285 2359 331 2413 sibi
341 2360 488 2425 videbuntur,
499 2361 563 2416 haud
571 2375 626 2416 ram
636 2369 661 2416 et
670 2362 716 2432 ipsi
725 2377 798 2416 sanos
808 2368 965 2432 corropcmnt
973 2367 997 2414 et
1007 2361 1059 2415 aliis
1070 2365 1181 2414 auctores
1190 2358 1265 2412 crsti-

287 2450 382 2507 temnt,
394 2451 423 2500 ut
442 2452 483 2500 aot
493 2460 593 2500 numero
604 2447 702 2500 testium
714 2453 755 2500 111
766 2462 811 2501 suo
825 2447 984 2518 qualicunque
994 2444 1082 2499 indicio
1093 2444 1148 2497 freti
1156 2501 1160 2508 ,
1168 2458 1212 2511 pro
1227 2443 1264 2494 in-

285 2533 355 2597 tegra
372 2535 458 2596 poetae
476 2531 583 2584 oratioue
600 2543 652 2584 earn
668 2531 830 2595 venditarent,
848 2545 919 2601 quarn
935 2544 966 2582 err
981 2528 1106 2582 temeraria
1122 2526 1194 2579 medii
1212 2524 1264 2576 aevi

285 2611 469 2680 interpolatione
482 2612 586 2667 deterius
597 2613 711 2670 librorum
721 2629 800 2685 genus
810 2627 942 2682 occupasse
951 2611 1067 2671 vidimns;
1079 2620 1264 2678 quemquamne

284 2693 333 2747 hoc
343 2695 440 2764 quidem
451 2696 476 2750 iu
488 2711 577 2768 genere
589 2697 622 2752 ita
631 2698 677 2774 sihi
691 2699 863 2759 constiterunt,
875 2702 916 2761 ut,
928 2694 991 2765 quod
1003 2693 1106 2763 aliquem
1116 2702 1182 2744 certe
1192 2703 1264 2742 nsum

284 2777 446 2847 praebuisset,
466 2795 496 2834 cx
507 2795 596 2852 magna
607 2783 752 2837 deteriorum
762 2781 893 2836 lectionum
904 2778 974 2847 copia
984 2791 1037 2830 eam
1047 2775 1199 2844 potissimum
1210 2787 1263 2825 ver·

283 2861 370 2916 borum
383 2865 595 2920 conl'omrationem
607 2866 744 2928 efficerent,
761 2878 823 2934 quae
833 2861 981 2930 corruptelae
998 2866 1070 2928 caput
1081 2865 1106 2910 et
1117 2857 1171 2911 lons
1181 2855 1264 2911 baberi

284 2953 380 3016 posset,
398 2948 441 3002 scd
457 2963 505 3020 quo
523 2947 620 3020 propios
638 2965 665 3004 se
683 2949 777 3003 illamm
796 2961 842 3016 ope
852 2946 882 3000 ad
897 2945 948 3014 ipsa
965 2949 1050 3013 poetae
1066 2941 1138 2994 verba
1148 2940 1264 2994 accedere

283 3031 422 3100 sperabant,
431 3046 460 3087 eo
470 3033 588 3088 minorem
598 3047 668 3087 verae
678 3031 827 3100 corruptelae
836 3027 997 3098 suspicionem
1007 3024 1157 3081 adhibebant.
1175 3024 1263 3078 Fausto

282 3115 359 3185 igitur
376 3129 433 3170 casu
449 3118 560 3188 contigit,
572 3122 599 3170 ut
611 3113 694 3171 Ottoui
704 3114 793 3176 Iahnio,
805 3127 878 3184 quem
888 3113 936 3166 ianr
947 3113 972 3166 in
982 3110 1056 3164 Persii
1069 3109 1174 3164 editione
1182 3121 1265 3162 veram

281 3199 396 3254 codicum
403 3200 564 3254 conditionem
570 3213 629 3254 sano
639 3199 727 3254 iudicio
733 3197 883 3252 existimasse
892 3196 949 3260 dixi,
957 3193 1075 3264 insperata
1087 3193 1161 3262 ipsius
1167 3191 1265 3246 Pithoe-

283 3283 322 3336 ani
333 3283 362 3336 ab
373 3284 469 3354 integre
486 3281 638 3351 comparandi
649 3282 743 3336 occasio
761 3279 899 3340 odonem
910 3292 982 3349 quem
992 3293 1067 3348 quum
1077 3278 1150 3331 etiam
1159 3291 1182 3330 a.
1196 3277 1263 3332 1817
1294 3327 1298 3334 ,

282 3374 404 3437 tamquam
420 3367 534 3421 amissum
551 3365 725 3434 deplorassem‚
744 3379 803 3419 nrox
824 3364 889 3418 felici
904 3361 1010 3417 Dobnen
1031 3361 1146 3416 industria
1161 3361 1186 3413 in
1203 3359 1262 3412 bibl.

282 3450 489 3518 llontepessulana
507 3448 647 3519 indagatum
664 3449 789 3519 doctisque
806 3448 890 3502 usibus
912 3445 1030 3501 redditum
1048 3461 1101 3500 esse
1113 3448 1264 3512 compertum

283 3539 333 3592 est:
344 3533 462 3602 huiusque
471 3531 578 3599 subsidio
589 3531 637 3586 lana
648 3533 681 3588 ita
691 3533 845 3590 emendatum
854 3530 990 3585 iuvenalem
1001 3528 1083 3584 lahnio
1100 3528 1222 3587 debemus,
1236 3530 1264 3577 ut

281 3616 373 3672 nullam
384 3629 498 3686 umquam
508 3615 637 3672 1111111111
654 3623 740 3687 poetae
751 3630 850 3672 manum
860 3614 954 3670 felicius
965 3614 1111 3684 expressisse
1120 3617 1212 3665 certum
1222 3609 1263 3671 sit,

282 3713 329 3755 nec
343 3699 428 3770 siquis
444 3700 468 3753 in
486 3699 589 3773 singulis
606 3701 705 3773 longius
720 3700 819 3770 procedi
829 3713 901 3770 posse
916 3705 999 3769 putet,
1017 3697 1086 3752 aliter
1100 3694 1149 3749 hoc
1160 3691 1264 3764 aggredi

282 3783 367 3852 liceat,
378 3797 451 3856 quam
467 3793 494 3840 11
509 3783 576 3840 illum
593 3785 617 3840 in
639 3787 691 3858 ipsa
706 3784 831 3841 Pithoeani
847 3784 951 3840 lectione
970 3781 1009 3836 vel
1029 3776 1205 3849 interpretanda
1224 3773 1266 3831 rel
