3050 4484
323 468 364 530 64
597 532 601 539 ,
679 479 714 526 n.
736 478 807 527 uun.
831 479 1016 527 mvuunnrs
1111 459 1113 463 ’

323 620 369 680 De
393 635 484 694 grege
507 614 690 692 Moesorum,
709 618 764 695 ¹qui
787 636 833 676 me
858 618 976 677 eerviee
997 618 1093 681 locata

324 705 463 763 Securum
487 700 602 759 iubeant
626 702 754 760 clamoso
778 701 912 759 insistere
939 703 1028 760 eireo.

324 787 367 845 Sit
391 784 458 843 milri
479 792 632 861 praeterea
657 802 762 843 curvus
786 784 916 844 caelator
936 794 967 843 et
991 786 1074 860 aller,
1228 798 1303 852 *145

325 869 380 943 Qui
400 868 503 927 mullas
524 867 616 929 iacies
641 868 730 944 pingit
753 868 826 926 eila:
850 867 992 927 sufficiunt
1012 869 1097 944 baee,
1262 925 1266 934 .

325 951 445 1025 Quando
469 968 526 1027 ego
550 968 661 1028 pauper
684 952 752 1011 ero!
780 951 885 1010 Vatum
907 952 1091 1027 miserabile,
1113 973 1170 1015 nee
1192 974 1261 1033 spes

323 1034 375 1093 llis
401 1036 517 1101 sabaim
544 1052 608 1093 nam
632 1052 717 1113 quum
738 1051 793 1113 pro
817 1052 863 1093 me
889 1032 1014 1096 Fortuna
1035 1049 1163 1116 regatur,

324 1118 424 1177 affixit
450 1136 533 1177 ceras
555 1118 604 1177 illa
628 1118 664 1177 de
686 1134 759 1177 nave
782 1120 898 1196 petitas,

248 1240 250 1243 -
323 1200 406 1274 Quae
429 1201 544 1261 Siculos
571 1211 669 1261 cantus
696 1202 797 1277 elingit
818 1203 930 1277 remige
955 1205 1077 1264 surd0.“
1207 1219 1305 1272 ι,150

1400 833 1403 892 l

659 1428 965 1439 .———..—..—

532 1658 539 1666 ·
601 1624 641 1714 n.
669 1621 777 1718 ruun
803 1582 1024 1724 suurn
1106 1734 1110 1738 ,
1178 1764 1182 1782 .

726 1790 904 1867 dilllllllllS

475 1937 1158 2052 snblnaubnr

673 2146 775 2209 LIBER
801 2146 966 2221 QUARTUS.

653 2448 890 2513 saurus
927 2448 972 2513 x.

324 2558 469 2653 omnibus
492 2591 645 2664 interris,
671 2608 744 2667 quae
769 2599 872 2649 sunta
897 2588 1024 2649 Gadibus
1045 2605 1136 2665 usque

325 2678 468 2735 Auroram
489 2682 517 2731 et
542 2672 685 2749 Gangen,
710 2675 795 2750 pauci
819 2672 972 2731 dinoscere
998 2681 1117 2751 possunt

325 2759 403 2818 Vera
430 2756 505 2815 bona
527 2764 612 2834 alque
635 2756 692 2815 illis
716 2753 991 2828 multum‘diversa‚
1015 2764 1124 2815 remota

325 2842 442 2901 Erroris
454 2839 581 2921 'nebula
619 2837 693 2911 Quid
720 2841 795 2899 enim
816 2841 928 2899 ratione
952 2838 1083 2898 timemus
1401 2887 1402 2892 ,

327 2925 383 2985 Aut
407 2920 558 3003 cupimus?
587 2924 655 3003 quid
675 2932 731 2985 iarn
752 2923 854 2985 dextro
881 2922 958 3001 pede
983 2924 1131 3001 concipis,
1153 2931 1183 2981 ul
1204 2930 1233 2981 te
1293 2932 1310 2983 5

328 3008 454 3069 Uenatus
475 3025 533 3067 non
556 3009 703 3085 paeniteat
721 3009 844 3087 votique
867 3002 999 3087 peracti?
1164 3008 1167 3015 ‘
1401 3001 1402 3024 ³

324 3092 469 3153 livertare
493 3091 593 3151 domos
620 3101 696 3152 totas
721 3090 886 3169 optantibus
908 3091 979 3169 ipsis

326 3178 363 3237 Di
390 3176 505 3241 iaeiles;
533 3176 663 3235 noeilura
685 3184 770 3252 lega,
796 3176 925 3234 nocitura
950 3180 1084 3250 petuntur

325 3260 441 3327 Militiae
469 3260 722 3319 torrensdieendi
749 3261 833 3336 eopia
858 3256 952 3315 multis

326 3342 364 3405 El
386 3360 435 3403 sua
458 3342 606 3402 morbifera
630 3352 673 3402 est
697 3342 843 3408 iaeundia;
867 3338 977 3397 viribus
999 3334 1049 3397 ille
1277 3348 1315 3400 10

328 3426 459 3487 Confisus
485 3427 571 3504 periit
592 3427 829 3509 admirandisque·
846 3423 974 3482 lacertis.
1165 3476 1168 3486 ,
1401 3449 1402 3520 p

325 3511 387 3570 Sed
413 3511 511 3588 plures
534 3512 618 3569 nimia
641 3518 780 3585 congesta
803 3507 927 3584 pecunia
952 3524 1020 3565 cura

328 3594 491 3671 strangulat
515 3603 550 3653 el·
568 3601 668 3653 cuneta
695 3608 873 3668 exsuperans
898 3589 1067 3667 patrimonia
1093 3604 1209 3662 sensus,

329 3674 442 3749 Quanto
469 3676 612 3755 delphinis
634 3674 768 3736 ballaena
792 3674 953 3734 Britannica
975 3672 1074 3731 maior.
