3050 4484
620 502 753 555 samon
767 502 843 549 xm.

239 643 304 712 Nec
325 661 398 723 puer
418 641 539 716 iliacus,
563 641 690 701 formosa
712 659 768 701 nec
789 632 923 701 llereulis
942 657 1018 700 uxor

240 728 288 787 hd
311 726 430 802 cyathos
453 735 482 785 et
502 727 557 785 iem
580 726 690 785 siccato
712 734 832 785 nectare
855 734 975 800 tergens

240 810 361 871 Brachia
383 809 530 869 Vulcanus
550 807 690 887 Liparaea
713 810 796 887 nigra
814 806 952 881 taberna,

240 893 401 955 Prandebat
423 892 478 952 sibi
500 892 622 971 quisque
644 892 732 968 deus,
745 908 809 952 mec
831 890 914 951 turba
935 891 1054 950 deornm

241 977 321 1039 Talis
342 985 373 1037 ut
394 986 439 1037 est
460 976 564 1051 hodie,
588 984 782 1055 contentaque
803 975 902 1035 sidera
923 975 1024 1053 paucis

240 1060 407 1121 Numinibus
429 1061 564 1122 miserum
586 1059 729 1136 urgebant
746 1059 863 1120 Atlanta
882 1059 985 1119 minori

240 1144 389 1211 Pondere;
412 1144 536 1203 nendum
554 1143 659 1221 aliquis
680 1145 799 1204 sortitus
820 1144 904 1204 triste
925 1140 1062 1221 profundi

240 1226 394 1306 lmperium
416 1235 463 1286 aut
482 1226 580 1287 Sicula
599 1236 699 1286 torvus
721 1246 786 1287 eum
808 1228 932 1305 coniuge
954 1225 1067 1302 Pluton,
1195 1239 1231 1307 ep

241 1309 305 1370 Nec
326 1319 389 1371 rota
411 1327 467 1369 nec
489 1308 581 1370 iuriae
605 1328 662 1368 nee
685 1328 785 1371 saxum
806 1320 853 1371 aut
874 1310 997 1371 vulmris
1017 1311 1072 1370 atri

234 1394 354 1469 Poena,
377 1394 429 1453 sed
449 1392 568 1453 inlernis
588 1391 697 1453 hilares
719 1396 782 1453 sine
803 1392 923 1469 regibus
943 1392 1073 1455 umbrae.

240 1476 414 1556 improbitas
434 1476 486 1537 illo
507 1476 559 1535 luit
576 1474 752 1537 admirabilis
774 1494 860 1552 aero,

242 1558 409 1621 Credebant
431 1577 488 1637 quo
509 1560 620 1636 grande
643 1560 725 1621 nefas
747 1570 778 1621 et
798 1568 892 1621 morte
913 1560 1057 1639 piandum,

241 1646 272 1704 Si
294 1645 405 1703 iuvenis
425 1643 523 1704 vetulo
545 1660 602 1703 noa
624 1652 827 1705 assurrexerat
849 1652 879 1704 et
900 1646 925 1704 si
964 1698 967 1703 .
1195 1654 1231 1705 55

241 1727 365 1787 Barbam
389 1728 558 1805 cuicumque
578 1744 666 1805 puer,
688 1728 759 1789 licet
779 1728 847 1805 ipse
867 1728 981 1788 rideret

241 1810 326 1870 Plura
350 1811 425 1871 domi
447 1810 530 1887 fraga
553 1818 582 1871 et
599 1812 725 1871 maiores
749 1811 864 1889 glandis
886 1828 1021 1873 acervos.

241 1893 310 1955 'lam
330 1893 501 1956 venerabile
523 1902 586 1955 erat
609 1894 792 1972 praecedere
812 1903 947 1974 quattuor
969 1898 1060 1973 annis,

238 1976 391 2055 Primaque
413 1995 466 2055 par
487 1977 562 2039 adeo
584 1994 687 2038 sacrae
707 1977 815 2054 lanugo
836 1981 992 2040 senectae!

239 2060 338 2137 Nunc,
360 2062 386 2120 si
409 2061 572 2139 depositum
590 2077 648 2121 nou
672 2058 810 2121 infitietur
831 2063 951 2136 amiens,
1193 2070 1230 2123 do

242 2146 274 2203 Si
296 2144 399 2205 reddat
419 2153 551 2205 veterem
572 2162 636 2204 cum
657 2152 717 2205 tota
739 2145 879 2221 aemgine
901 2145 1014 2222 follem,

186 2238 193 2255 ’
241 2228 410 2304 Prodigiosa
432 2228 506 2289 lidos
530 2237 559 2289 et
583 2226 687 2289 Tuscis
708 2227 796 2305 digna
818 2226 937 2305 libellis,

241 2310 382 2389 Quaeque
405 2320 542 2372 coronata
563 2312 679 2373 lustrari
701 2310 810 2371 debeat
829 2328 913 2388 agna.

240 2392 398 2471 Egregium
417 2404 604 2473 sanctumque
626 2397 718 2455 virum
741 2397 766 2453 si
787 2412 895 2470 cerno,
919 2395 1069 2456 bimembri

239 2477 305 2538 Hoc
325 2487 481 2539 monstrum
504 2496 596 2557 puero
615 2478 664 2539 vel
685 2479 821 2539 mirandis
844 2479 898 2539 sub
915 2489 1011 2541 aratro
1195 2487 1231 2541 65

239 2560 373 2623 Piscibus
391 2563 515 2623 inventis
531 2572 561 2623 et
579 2564 657 2623 letae
680 2579 819 2641 comparo
841 2563 948 2638 mulae,

175 2700 178 2707 .
240 2645 408 2722 Sollicitus,
431 2656 574 2725 tamquam
595 2646 708 2725 lapides
729 2646 864 2707 effuderit
882 2646 976 2708 imber

239 2727 430 2808 Examenque
452 2732 547 2808 apium
570 2730 658 2809 leuga
681 2731 849 2792 consederit
869 2749 925 2793 ura

242 2812 372 2875 Culmine
394 2813 524 2890 delubri,
546 2824 688 2893 tamqnam
710 2816 739 2875 in
759 2832 839 2876 mare
862 2815 978 2876 duxerit
1000 2814 1089 2873 amnis

241 2896 408 2974 Gurgitibus
429 2899 509 2957 miris
532 2906 560 2956 et
581 2898 666 2959 lactis
689 2900 801 2958 vertice
823 2908 949 2958 torrens.
1195 2902 1232 2957 to

283 2980 450 3058 intercepta
472 2980 575 3041 decern
596 2983 729 3059 quereris
749 2983 885 3042 sestertia
898 2980 1002 3041 fraude

241 3061 416 3141 Sacrilego?
439 3066 551 3143 quidsi
574 3065 618 3125 bis
644 3074 758 3129 centum
781 3064 907 3143 perdidit
929 3064 1003 3125 alter

239 3146 305 3209 lloc
327 3164 432 3209 arcana
454 3146 561 3209 modo?
581 3150 719 3209 maiorem
741 3150 844 3209 tertius
865 3148 915 3209 illa

241 3233 401 3307 Summam,
424 3250 508 3310 quam
529 3234 644 3313 patulae
663 3236 713 3293 vix
736 3240 858 3311 ceperat
877 3232 999 3310 angulus
1021 3226 1130 3291 areae?

242 3314 313 3379 Tam
334 3315 422 3375 facile
445 3325 473 3375 et
493 3334 614 3394 pronum
636 3327 681 3378 est
704 3333 829 3395 superos
851 3326 1041 3377 contemnere
1062 3320 1166 3387 testes,
1195 3318 1230 3372 te

242 3400 274 3459 Si
293 3398 423 3461 mortalis
441 3400 517 3459 idem
540 3418 626 3461 nemo
646 3401 732 3463 sciat!
756 3401 886 3479 Aspice,
910 3407 1014 3478 quanta

240 3482 325 3543 Voce
344 3491 452 3560 neget,
473 3500 548 3560 quae
570 3486 606 3543 sit
628 3486 686 3545 licti
709 3486 870 3547 constantie
891 3483 1004 3542 vultos:

241 3564 299 3626 Per
320 3566 399 3626 Solis
421 3566 518 3627 radios
541 3566 725 3647 Tarpeiaque
748 3568 865 3628 fulmina
880 3570 955 3627 iurat

241 3647 279 3709 Et
300 3648 399 3709 biantis
420 3649 558 3714 frameam
581 3661 610 3711 et
629 3650 760 3712 Cirrhaei
783 3651 894 3729 spicula
916 3649 1009 3724 vatis,

240 3729 299 3793 Per
321 3732 447 3795 calamos
466 3734 623 3795 venatricis
645 3735 869 3814 pharetramque
891 3732 1019 3811 puellae,
1193 3737 1231 3791 tto
