3050 4484
306 462 347 524 58
650 474 685 520 u.
707 472 779 521 rou.
802 448 988 521 musunms
1023 503 1031 521 s
1131 519 1134 526 ,

305 612 397 690 Finge
420 620 515 672 tamen
538 610 651 689 gladios
673 610 739 671 inde
762 620 850 689 atque
870 611 938 671 hine
961 612 1072 693 pulpita
1094 614 1179 690 poni:
1237 624 1289 679 195

307 694 382 769 Quid
403 693 514 757 sotius?
537 696 722 755 mortem'sic
744 695 894 774 quisquam
917 693 1081 769 exhorruit,
1104 704 1136 755 ut
1158 698 1196 757 sit

307 779 468 857 Zelotypus
492 777 665 853 Thymeles,
686 778 793 856 stupidi
814 778 933 855 collega
952 774 1103 838 Corinthii

306 862 366 922 lies
387 862 463 922 haud
482 863 552 921 mira
572 870 683 937 tamen,
706 861 875 921 citharoedo
898 863 1045 940 principe,
1068 864 1169 921 mimus

306 944 429 1006 Nobilis.
459 943 540 1005 llaec
562 944 636 1004 ultra
660 944 728 1023 quid
754 946 809 1004 erit
831 946 886 1005 nisi
911 942 1016 1004 ludus?
1038 953 1068 1004 et
1088 946 1150 1005 illic

305 1028 442 1089 Dedecus
463 1028 542 1088 urbis
564 1027 673 1103 habes,
694 1044 749 1088 uec
771 1027 951 1087 mirmillonis
970 1030 999 1087 in
1021 1030 1118 1104 armis,
1237 1042 1290 1095 eoo

305 1112 368 1172 Nec
391 1111 488 1190 clipeo
512 1109 671 1173 Gracchum
694 1118 869 1189 pugnantem
890 1120 938 1171 aut
958 1110 1036 1171 ialoe
1058 1114 1175 1191 supina;

305 1195 428 1255 Damnat
451 1195 526 1254 enim
548 1194 622 1255 tales
642 1194 767 1267 habitus,
785 1196 828 1273 [et
851 1195 964 1255 damnat
986 1204 1015 1255 et
1035 1196 1106 1271 odit,

305 1278 368 1339 Nec
389 1278 475 1356 galea
498 1278 603 1338 faciem
625 1275 811 1354 absconditzl
832 1284 932 1335 mouet
953 1293 1027 1336 ecce
1046 1279 1199 1340 tridentem
1220 1290 1259 1357 et,

305 1361 460 1441 Postquam
481 1360 592 1421 uibrata
614 1362 769 1441 pendentia
786 1361 860 1421 retia
884 1360 986 1421 deutra
1321 1369 1324 1383 '

304 1444 486 1525 Nequiquam
508 1444 625 1521 elludit,
654 1446 759 1505 nudum
780 1445 817 1505 ad
839 1444 1009 1524 spectacula
1030 1446 1139 1506 uultum
1235 1460 1287 1513 205
1403 1431 1404 1446 ¹

232 1593 234 1597 ,
304 1527 400 1605 Erigit
420 1537 450 1589 et
469 1537 529 1589 tota
554 1526 628 1607 lugit
650 1527 852 1607 agnoscendus
874 1544 973 1588 arena.

306 1609 464 1673 credamus
486 1612 617 1687 tunicae,
640 1612 677 1673 de
699 1611 833 1673 faucibus
856 1629 944 1672 aurea
967 1628 1053 1691 quum
1074 1630 1109 1672 se

305 1694 439 1773 Porrigat
459 1704 488 1755 et
508 1696 597 1773 longo
619 1696 743 1755 iactetur
763 1696 842 1775 spira
862 1692 985 1772 galerol
1028 1745 1031 1749 Δ

305 1777 386 1855 Ergo
408 1779 590 1855 ignominiam
612 1780 778 1856 graviorem
798 1778 918 1857 pertulit
940 1780 1016 1839 omni

305 1861 434 1922 Vulnere
458 1880 521 1921 cum
544 1858 676 1922 Graccho
700 1864 796 1922 iussus
818 1878 949 1939 pugnare
972 1871 1098 1922 secutor.
1235 1874 1288 1928 ulo

346 1944 450 2004 Libera
469 1947 494 2005 si
518 1945 621 2005 dentur
640 1946 751 2025 populo
775 1946 928 2026 sudragia,
954 1948 1019 2025 quis
1039 1955 1100 2006 tam·
1365 1936 1373 1962 ¹

179 2038 181 2047 ·
305 2027 454 2104 Perditus,
478 2036 509 2087 ιιι
530 2027 640 2089 dubitet
664 2032 806 2091 Senecam
830 2030 980 2108 praeferre
1002 2028 1122 2107 Neroni,
1225 2085 1233 2111 Ι

306 2108 394 2172 Cuius
413 2111 558 2191 supplicio
582 2130 640 2173 nou
661 2110 759 2179 debuit
784 2130 840 2174 una
864 2114 961 2192 parari

305 2196 393 2255 Simia
415 2213 470 2255 neo
494 2213 617 2275 serpens
638 2215 710 2258 unus
731 2215 788 2257 nec
812 2195 924 2256 culleus
945 2193 1040 2256 unus?

304 2278 360 2339 Par
380 2277 644 2355 Agamemnonidae
668 2279 790 2357 crimen,
814 2280 867 2339 sed
891 2297 978 2341 causa
999 2280 1068 2341 lacit
1089 2298 1151 2340 rem
1234 2291 1286 2345 215

304 2360 496 2422 Dissimilem:
520 2365 628 2443 quippe
650 2364 701 2425 ille
723 2365 786 2424 deis
805 2363 973 2423 auctoribus
993 2364 1072 2425 ultor

179 2494 185 2505 .
304 2444 396 2505 Patris
418 2455 481 2506 erat
504 2448 583 2507 caesi
603 2448 696 2507 media
720 2448 796 2508 iuter
816 2446 936 2525 pocula;
960 2448 1014 2508 sed
1036 2465 1091 2507 neo

297 2526 442 2589 ‚Electrae
469 2530 568 2607 iugulo
592 2549 625 2591 se
647 2531 751 2610 polluit
777 2540 825 2591 aut
847 2532 980 2609 Spartani
1009 2559 1019 2577 κ

303 2612 451 2689 Sanguine
473 2615 614 2691 coniugii,
639 2614 725 2674 nullis
747 2616 862 2674 aconita
886 2615 1056 2693 propinquis

303 2693 437 2772 dlisouit,
460 2698 489 2755 in
516 2715 604 2757 scena
626 2714 778 2775 numquam
800 2700 925 2757 cantauit
949 2696 1081 2773 Orestes,
1151 2758 1154 2765 f
1233 2705 1286 2759 22⁰

302 2776 410 2839 Troica
431 2796 488 2839 uon
511 2782 637 2858 scripsit.
673 2780 748 2853 Quid
772 2783 847 2842 enim
865 2780 1021 2859 Verginius
1042 2780 1127 2840 armis

302 2860 411 2921 Debuit
435 2862 538 2924 ulcisci
558 2866 666 2942 magis,
688 2874 737 2925 aut
760 2882 825 2926 cum
846 2864 968 2926 Vindice
991 2863 1092 2939 Galba,

304 2944 390 3017 Quod
415 2944 494 3006 Nero
514 2956 571 3007 turn
598 2966 687 3009 saeva
712 2950 860 3028 crudaque
884 2948 1035 3024 tyrannide
1057 2944 1149 3006 iecit?

302 3026 383 3088 Haec
406 3046 496 3108 opera
519 3040 606 3109 atque
628 3033 683 3092 hae
705 3042 771 3092 sunt
793 3034 931 3110 generosi
954 3032 1092 3113 principis
1111 3040 1200 3107 artes,

304 3110 460 3173 Gaudentis
487 3112 575 3189 ioedo
598 3114 755 3194 peregrina
778 3117 813 3176 ad
836 3117 947 3195 pulpita
970 3122 1054 3175 centu
1184 3122 1190 3140 ’
1232 3122 1285 3175 226

302 3194 437 3255 Prostitui
460 3195 621 3275 Graiaeque
643 3202 737 3277 apium
758 3202 899 3260 meruisse
923 3215 1059 3259 coronue.

302 3276 442 3339 blaiomm
466 3280 580 3357 efligies
604 3281 729 3344 habeant
751 3284 874 3360 iusignia
896 3284 994 3341 vocis:

303 3360 379 3421 Ante
403 3362 495 3441 pedes
522 3362 628 3425 Domiti
655 3368 772 3444 longum
793 3376 822 3425 tu
845 3382 921 3443 poue
944 3364 1090 3440 Thyestae

302 3446 404 3519 Syrma
427 3446 476 3507 uel
501 3447 662 3527 Antigones
686 3458 734 3509 aut
755 3466 911 3527 personam
933 3448 1125 3527 Menalippes,

301 3526 340 3587 Et
362 3529 399 3589 de
424 3548 586 3592 marmoreo
613 3532 750 3592 citharam
772 3532 919 3611 suspende
941 3533 1071 3592 colosso.
1232 3539 1286 3593 teo

302 3609 395 3687 Quid,
420 3611 559 3690 Catilina,
578 3617 634 3675 tuis
658 3614 800 3675 natalibus
822 3624 909 3695 atque
929 3614 1053 3693 Cethegi

300 3691 431 3756 Inveniet
452 3699 602 3776 quisquam
623 3696 795 3759 sublimius?
816 3718 895 3760 arma
916 3708 1011 3759 tamen
1031 3716 1086 3758 vos
