3050 4484
581 504 706 551 SA'I'IRA
729 504 787 549 XV.

249 645 280 707 Sl
305 645 403 702 vivunt
427 639 547 701 omnes?
571 658 643 717 ergo
666 644 761 701 acrior
785 642 925 719 impetus,
950 650 980 700 et
1002 644 1058 702 lam

250 730 326 802 Saxa
348 726 489 785 inclinatis
514 742 568 803 per
589 724 702 785 humum
725 726 855 801 quaesita
877 725 995 785 lacertis
1102 756 1106 759 ·
1188 752 1192 756 >

171 861 174 871 1
248 811 390 889 Incipiunt
413 819 569 887 torquere,
592 809 750 900 domestica
773 809 907 868 seditioni

250 894 339 967 Tela,
362 912 418 953 nec
438 892 513 953 bunc
536 894 675 970 lapidem,
700 892 802 970 quales
816 902 854 951 -et
876 892 989 951 Turnus
1012 900 1042 951 et
1064 892 1149 967 Aiax,
1198 900 1236 957 65
1287 963 1290 970 Ι

249 978 305 1037 Vel
328 995 385 1057 quo
409 976 535 1051 Tydides
558 977 703 1054 percussit
725 976 855 1053 pondere
877 994 981 1035 coxam
1226 979 1228 982 ’

249 1063 384 1137 Aeneae,
411 1060 464 1120 sed
483 1078 569 1137 quem
590 1060 706 1121 valeant
728 1062 860 1119 emittere
885 1061 1006 1119 dextrae

249 1146 310 1205 Illis
333 1144 487 1205 dissimiles
512 1154 540 1203 et
563 1154 662 1203 nostro
679 1152 818 1222 tempore
840 1154 934 1203 natae.

249 1229 320 1289 Nam
342 1234 433 1305 genus
457 1228 514 1287 11οο
535 1229 602 1286 vivo
624 1230 680 1287 iarn
701 1228 893 1287 decrescebat
915 1227 1055 1289 Homero:

250 1312 340 1372 Terra
359 1312 452 1387 malos
474 1312 604 1371 homines
627 1330 702 1371 nunc
728 1312 833 1371 educat
858 1322 945 1389 atque
968 1310 1102 1389 pusillos.
1199 1318 1237 1373 71

249 1396 330 1473 Ergo
357 1396 445 1469 deus,
470 1397 642 1473 quicumque
667 1396 798 1472 aspexit,
824 1396 900 1456 ridet
923 1405 951 1455 et
974 1394 1044 1453 odit.

292 1480 318 1538 A
341 1480 521 1539 deverticulo
546 1487 695 1557 repetatur
717 1478 824 1538 fabula.
859 1478 1025 1556 Postquam,

250 1563 391 1623 Subsidiis
414 1564 506 1638 aucti,
531 1581 598 1641 pars
620 1562 712 1621 altera
734 1580 870 1641 promere
892 1564 1001 1623 ferrum

179 1710 183 1717 ,
250 1648 346 1706 Audet
369 1656 398 1706 et
420 1647 533 1705 infestis
554 1664 680 1725 pugnam
701 1648 862 1706 instaurare
886 1648 1015 1723 sagittis:

250 1732 347 1807 'larga
371 1731 440 1806 luga
464 1730 554 1791 celeri
577 1739 741 1809 praestant,
769 1730 938 1790 instantibus
962 1728 1070 1804 Ombis,
1199 1737 1236 1792 ta
1275 1787 1280 1798 ,

251 1815 306 1887 Qui
328 1816 421 1873 vicina
448 1814 546 1873 colunt
569 1814 872 1893 umbrosaelentpra
894 1814 1019 1893 palmae.

249 1897 366 1957 Labitur
391 1898 457 1956 binc
484 1898 613 1975 quidam,
641 1899 726 1958 nimia
747 1898 900 1958 formidine
927 1916 1042 1957 cursum

250 1982 467 2059 Praecipitans,
492 1984 678 2059 capiturque}
706 1991 751 2041 ast
775 1983 907 2041 illumin
929 1982 1050 2059 plurima
1074 1989 1186 2041 sectum

249 2065 352 2123 Frusta
378 2074 407 2123 et
428 2066 601 2142 particulas,
622 2074 653 2123 ut
679 2064 775 2123 multis
796 2074 925 2124 mortuus
945 2082 1019 2123 unus

251 2148 424 2224 Sullrceret,
446 2157 537 2207 totum
560 2150 688 2209 00110111
711 2147 826 2207 01111111
853 2148 914 2208 edit
965 2198 968 2203 .
1198 2156 1236 2210 80

249 2233 363 2291 Victrix
386 2230 486 2308 turba,
509 2250 564 2291 uec
587 2232 696 2292 ardenti
722 2232 840 2291 decoxit
862 2249 938 2292 aeuo

250 2318 309 2377 Aut
331 2315 463 2384 veribus;
487 2316 605 2392 longum
627 2317 813 2395 usqueadeo
834 2316 1004 2394 tardumque
1027 2317 1137 2393 putavit

250 2400 435 2478 Exspectare
458 2401 559 2475 locos,
584 2409 720 2459 contenta
743 2401 888 2461 cadavere
907 2400 1009 2459 crudo.

251 2484 305 2543 llic
325 2484 454 2559 gaudere
477 2483 564 2558 libet,
589 2485 666 2562 quod
689 2501 746 2543 nou
769 2484 924 2545 violaverit
945 2485 1051 2561 iguem,

252 2568 344 2641 Quem
367 2584 475 2627 summa
501 2568 577 2627 coeli
599 2577 711 2645 raptum
734 2568 771 2629 de
793 2578 876 2645 parte
899 2568 1088 2627 Prometheus
1152 2593 1153 2596 ¹
1199 2576 1237 2629 85

252 2651 377 2711 Donavit
397 2652 499 2717 terris;
523 2652 680 2730 [elemento
705 2652 837 2728 gratulor
859 2660 939 2711 1110

251 2734 406 2795 Exsultare
429 2736 521 2813 reon]
559 2737 618 2798 Sed
641 2738 689 2813 qui
708 2736 844 2795 mordere
866 2734 992 2795 cadaver

253 2820 406 2892 Sustinuit,
430 2818 470 2877 nil
492 2837 623 2897 umquam
645 2820 700 2879 bac
722 2838 810 2879 carue
832 2818 969 2879 libentius
993 2818 1066 2886 edit;

252 2902 325 2962 Nam
346 2902 461 2963 scelere
483 2905 512 2961 in
534 2912 614 2963 tanto
637 2920 673 2963 ne
692 2920 816 2983 quaeras
840 2912 869 2961 et
890 2902 1005 2961 dubites
1026 2920 1062 2961 an

252 2987 345 3046 Prima
364 2986 542 3065 voluptatem
562 2986 631 3063 gula
650 2988 790 3054 senserit;
813 2986 928 3045 ultimus
951 2994 1048 3047 autem
1201 2993 1238 3049 90

253 3070 425 3145 0111111111,
448 3070 600 3149 absumpto
623 3072 678 3131 iam
701 3079 763 3129 toto
787 3086 932 3148 corpore,
954 3070 1047 3129 ductis

252 3154 309 3214 Per
334 3161 440 3214 terram
467 3154 563 3231 digitis
585 3155 692 3233 aliquid
715 3154 751 3213 de
776 3156 917 3235 sanguine
938 3162 1045 3231 gustat.

252 3237 420 3313 Vascones,
444 3238 517 3298 haec
540 3240 614 3299 lama
639 3248 702 3312 est,
729 3238 872 3299 alimentis
896 3237 1001 3298 talibus
1027 3237 1095 3295 olim

252 3321 422 3382 Produxere
444 3325 566 3382 animas:
593 3323 646 3383 sed
670 3340 719 3381 res
739 3322 870 3394 diversa,
894 3322 948 3381 sed
973 3321 1035 3380 illic

253 3404 399 3465 Fortunae
423 3404 527 3466 invidia
550 3416 594 3465 est
613 3406 817 3483 bellorumque
841 3405 955 3480 ultima,
982 3420 1067 3463 casus
1199 3410 1237 3466 95

253 3488 400 3563 Extremi,
426 3489 533 3566 longae
556 3490 617 3551 dira
643 3489 803 3551 obsidionis
826 3498 953 3566 egestas.

252 3573 342 3633 lluius
364 3574 453 3649 enim,
478 3572 554 3651 quod
578 3592 653 3631 nunc
675 3576 785 3650 agitur,
806 3572 972 3633 miserabile
995 3571 1084 3631 debet

253 3655 427 3734 Exemplum
449 3674 516 3715 esse
538 3656 612 3733 cibi,
635 3658 710 3717 sicut
734 3657 825 3721 modu.
848 3658 924 3716 dicta
946 3656 1014 3715 mibi
1034 3673 1108 3731 gens
1196 3716 1204 3727 ,

253 3740 323 3801 Post
349 3757 448 3798 ornnes
473 3739 595 3816 herbas,
619 3750 686 3819 post
708 3750 811 3803 cuncta
833 3739 981 3816 animalia,
1004 3736 1141 3818 quidquid
