<?xml version="1.0" encoding="UTF-8"?>
<!DOCTYPE html PUBLIC "-//W3C//DTD XHTML 1.0 Transitional//EN"
    "http://www.w3.org/TR/xhtml1/DTD/xhtml1-transitional.dtd">
<html xmlns="http://www.w3.org/1999/xhtml" xml:lang="en" lang="en">
 <head>
  <title>
</title>
<meta http-equiv="Content-Type" content="text/html;charset=utf-8" />
  <meta name='ocr-system' content='tesseract 3.04.00' />
  <meta name='ocr-capabilities' content='ocr_page ocr_carea ocr_par ocr_line ocrx_word'/>
</head>
<body>
  <div class='ocr_page' id='page_1' title='image "./satirarumlibriq00hermgoog_0096.png"; bbox 0 0 3050 4484; ppageno 0'>
   <div class='ocr_carea' id='block_1_1' title="bbox 194 457 975 539">
    <p class='ocr_par' dir='ltr' id='par_1_1' title="bbox 194 457 975 539">
     <span class='ocr_line' id='line_1_1' title="bbox 194 457 975 539; baseline -0.01 -19"><span class='ocrx_word' id='word_1_1' title='bbox 194 532 196 539; x_wconf 21' lang='grc' dir='ltr'>Ι</span> <span class='ocrx_word' id='word_1_2' title='bbox 305 457 346 519; x_wconf 90' lang='grc'><strong>60</strong></span> <span class='ocrx_word' id='word_1_3' title='bbox 635 470 670 516; x_wconf 88' lang='lat' dir='ltr'><strong>u.</strong></span> <span class='ocrx_word' id='word_1_4' title='bbox 695 469 767 515; x_wconf 84' lang='lat' dir='ltr'><strong>rou.</strong></span> <span class='ocrx_word' id='word_1_5' title='bbox 789 466 975 513; x_wconf 81' lang='lat' dir='ltr'><strong>rursunnrs</strong></span> 
     </span>
    </p>
   </div>
   <div class='ocr_carea' id='block_1_2' title="bbox 299 598 1286 1020">
    <p class='ocr_par' dir='ltr' id='par_1_2' title="bbox 306 598 1170 684">
     <span class='ocr_line' id='line_1_2' title="bbox 306 598 1170 684; baseline -0.002 -17"><span class='ocrx_word' id='word_1_6' title='bbox 306 608 397 681; x_wconf 82' lang='lat' dir='ltr'><strong>Quam</strong></span> <span class='ocrx_word' id='word_1_7' title='bbox 419 614 447 666; x_wconf 90' lang='lat' dir='ltr'><strong>tc</strong></span> <span class='ocrx_word' id='word_1_8' title='bbox 475 604 627 667; x_wconf 74' lang='lat' dir='ltr'><strong>Thersitae</strong></span> <span class='ocrx_word' id='word_1_9' title='bbox 649 606 772 668; x_wconf 80' lang='lat' dir='ltr'><strong>similem</strong></span> <span class='ocrx_word' id='word_1_10' title='bbox 793 606 934 684; x_wconf 85' lang='lat' dir='ltr'><strong>producat</strong></span> <span class='ocrx_word' id='word_1_11' title='bbox 954 598 1099 667; x_wconf 61' lang='lat' dir='ltr'><strong>llcbille‘s.</strong></span> <span class='ocrx_word' id='word_1_12' title='bbox 1166 636 1170 641; x_wconf 88' lang='lat'><strong>·</strong></span> 
     </span>
    </p>

    <p class='ocr_par' dir='ltr' id='par_1_3' title="bbox 299 688 1102 768">
     <span class='ocr_line' id='line_1_3' title="bbox 299 688 1102 768; baseline 0 -19"><span class='ocrx_word' id='word_1_13' title='bbox 299 690 342 765; x_wconf 77' lang='lat' dir='ltr'><strong>¹Et</strong></span> <span class='ocrx_word' id='word_1_14' title='bbox 366 699 475 764; x_wconf 87' lang='lat' dir='ltr'><strong>tamen,</strong></span> <span class='ocrx_word' id='word_1_15' title='bbox 499 699 530 749; x_wconf 92' lang='lat' dir='ltr'><strong>ut</strong></span> <span class='ocrx_word' id='word_1_16' title='bbox 552 688 639 767; x_wconf 89' lang='lat' dir='ltr'><strong>longe</strong></span> <span class='ocrx_word' id='word_1_17' title='bbox 660 700 777 768; x_wconf 80' lang='lat' dir='ltr'><strong>repetas</strong></span> <span class='ocrx_word' id='word_1_18' title='bbox 797 690 943 768; x_wconf 76' lang='lat' dir='ltr'><strong>longeque</strong></span> <span class='ocrx_word' id='word_1_19' title='bbox 965 690 1102 749; x_wconf 87' lang='lat' dir='ltr'><strong>revolvas</strong></span> 
     </span>
    </p>

    <p class='ocr_par' dir='ltr' id='par_1_4' title="bbox 304 772 1005 849">
     <span class='ocr_line' id='line_1_4' title="bbox 304 772 1005 849; baseline -0.003 -16"><span class='ocrx_word' id='word_1_20' title='bbox 304 772 434 848; x_wconf 86' lang='lat' dir='ltr'><strong>Nomen,</strong></span> <span class='ocrx_word' id='word_1_21' title='bbox 459 772 496 832; x_wconf 91' lang='lat' dir='ltr'><strong>ab</strong></span> <span class='ocrx_word' id='word_1_22' title='bbox 517 773 612 832; x_wconf 81' lang='lat' dir='ltr'><strong>infami</strong></span> <span class='ocrx_word' id='word_1_23' title='bbox 629 782 746 849; x_wconf 80' lang='lat' dir='ltr'><strong>gentem</strong></span> <span class='ocrx_word' id='word_1_24' title='bbox 766 775 886 835; x_wconf 89' lang='lat' dir='ltr'><strong>deducis</strong></span> <span class='ocrx_word' id='word_1_25' title='bbox 908 772 1005 847; x_wconf 73' lang='lat' dir='ltr'><strong>asylo:</strong></span> 
     </span>
    </p>

    <p class='ocr_par' dir='ltr' id='par_1_5' title="bbox 306 854 1036 934">
     <span class='ocr_line' id='line_1_5' title="bbox 306 854 1036 934; baseline 0.001 -19"><span class='ocrx_word' id='word_1_26' title='bbox 306 854 444 916; x_wconf 80' lang='lat' dir='ltr'><strong>Malorum</strong></span> <span class='ocrx_word' id='word_1_27' title='bbox 464 858 588 934; x_wconf 88' lang='lat' dir='ltr'><strong>primus,</strong></span> <span class='ocrx_word' id='word_1_28' title='bbox 613 857 741 934; x_wconf 90' lang='lat' dir='ltr'><strong>quisquis</strong></span> <span class='ocrx_word' id='word_1_29' title='bbox 763 858 815 917; x_wconf 87' lang='lat' dir='ltr'><strong>fuit</strong></span> <span class='ocrx_word' id='word_1_30' title='bbox 837 856 903 930; x_wconf 87' lang='lat' dir='ltr'><strong>ille,</strong></span> <span class='ocrx_word' id='word_1_31' title='bbox 924 866 1036 916; x_wconf 88' lang='lat' dir='ltr'><strong>tuorum</strong></span> 
     </span>
    </p>

    <p class='ocr_par' dir='ltr' id='par_1_6' title="bbox 306 939 1286 1020">
     <span class='ocr_line' id='line_1_6' title="bbox 306 939 1286 1020; baseline 0.006 -23"><span class='ocrx_word' id='word_1_32' title='bbox 306 939 364 998; x_wconf 85' lang='lat' dir='ltr'><strong>Aut</strong></span> <span class='ocrx_word' id='word_1_33' title='bbox 385 950 484 1017; x_wconf 89' lang='lat' dir='ltr'><strong>pastor</strong></span> <span class='ocrx_word' id='word_1_34' title='bbox 508 941 560 1001; x_wconf 85' lang='lat' dir='ltr'><strong>luit</strong></span> <span class='ocrx_word' id='word_1_35' title='bbox 586 950 632 1000; x_wconf 91' lang='lat' dir='ltr'><strong>aut</strong></span> <span class='ocrx_word' id='word_1_36' title='bbox 651 940 720 999; x_wconf 92' lang='lat' dir='ltr'><strong>illu&#39;d</strong></span> <span class='ocrx_word' id='word_1_37' title='bbox 743 942 822 1020; x_wconf 93' lang='lat' dir='ltr'><strong>quod</strong></span> <span class='ocrx_word' id='word_1_38' title='bbox 842 940 942 999; x_wconf 88' lang='lat' dir='ltr'><strong>dicere</strong></span> <span class='ocrx_word' id='word_1_39' title='bbox 964 940 1044 999; x_wconf 87' lang='lat' dir='ltr'><strong>nolo.</strong></span> <span class='ocrx_word' id='word_1_40' title='bbox 1228 945 1286 1003; x_wconf 73' lang='lat'><strong>&#39;275</strong></span> 
     </span>
    </p>
   </div>
   <div class='ocr_carea' id='block_1_3' title="bbox 696 1134 904 1147">
    <p class='ocr_par' dir='ltr' id='par_1_7' title="bbox 696 1134 904 1147">
     <span class='ocr_line' id='line_1_7' title="bbox 696 1134 904 1147; baseline 0 -2"><span class='ocrx_word' id='word_1_41' title='bbox 696 1134 904 1147; x_wconf 53' lang='lat' dir='ltr'><strong>m</strong></span> 
     </span>
    </p>
   </div>
   <div class='ocr_carea' id='block_1_4' title="bbox 642 1281 945 1349">
    <p class='ocr_par' dir='ltr' id='par_1_8' title="bbox 642 1281 945 1349">
     <span class='ocr_line' id='line_1_8' title="bbox 642 1281 945 1349; baseline -0.007 -2"><span class='ocrx_word' id='word_1_42' title='bbox 642 1282 862 1349; x_wconf 84' lang='lat' dir='ltr'>SATIRA</span> <span class='ocrx_word' id='word_1_43' title='bbox 882 1281 945 1346; x_wconf 86' lang='lat' dir='ltr'><strong>IX.</strong></span> 
     </span>
    </p>
   </div>
   <div class='ocr_carea' id='block_1_5' title="bbox 226 1391 1311 3751">
    <p class='ocr_par' dir='ltr' id='par_1_9' title="bbox 226 1391 1311 3587">
     <span class='ocr_line' id='line_1_9' title="bbox 226 1391 1133 1507; baseline -0.002 -22"><span class='ocrx_word' id='word_1_44' title='bbox 226 1426 228 1431; x_wconf 82' lang='lat'>&#39;</span> <span class='ocrx_word' id='word_1_45' title='bbox 306 1391 395 1485; x_wconf 78' lang='lat' dir='ltr'><strong>Scire</strong></span> <span class='ocrx_word' id='word_1_46' title='bbox 416 1427 519 1502; x_wconf 87' lang='lat' dir='ltr'><strong>velim,</strong></span> <span class='ocrx_word' id='word_1_47' title='bbox 543 1446 633 1507; x_wconf 89' lang='lat' dir='ltr'><strong>quare</strong></span> <span class='ocrx_word' id='word_1_48' title='bbox 654 1428 741 1487; x_wconf 86' lang='lat' dir='ltr'><strong>toties</strong></span> <span class='ocrx_word' id='word_1_49' title='bbox 762 1427 846 1499; x_wconf 88' lang='lat' dir='ltr'><strong>mibi,</strong></span> <span class='ocrx_word' id='word_1_50' title='bbox 870 1424 1022 1497; x_wconf 88' lang='lat' dir='ltr'><strong>Naevole‚</strong></span> <span class='ocrx_word' id='word_1_51' title='bbox 1046 1423 1133 1483; x_wconf 87' lang='lat' dir='ltr'><strong>tristis</strong></span> 
     </span>
     <span class='ocr_line' id='line_1_10' title="bbox 306 1508 1068 1584; baseline -0.004 -15"><span class='ocrx_word' id='word_1_52' title='bbox 306 1510 449 1570; x_wconf 86' lang='lat' dir='ltr'><strong>Occurras</strong></span> <span class='ocrx_word' id='word_1_53' title='bbox 471 1510 566 1570; x_wconf 82' lang='lat' dir='ltr'><strong>fronte</strong></span> <span class='ocrx_word' id='word_1_54' title='bbox 589 1510 729 1584; x_wconf 91' lang='lat' dir='ltr'><strong>obducta,</strong></span> <span class='ocrx_word' id='word_1_55' title='bbox 754 1528 809 1569; x_wconf 91' lang='lat' dir='ltr'><strong>ceu</strong></span> <span class='ocrx_word' id='word_1_56' title='bbox 830 1508 944 1583; x_wconf 77' lang='lat' dir='ltr'><strong>llarsya</strong></span> <span class='ocrx_word' id='word_1_57' title='bbox 964 1510 1068 1567; x_wconf 86' lang='lat' dir='ltr'><strong>victus.</strong></span> 
     </span>
     <span class='ocr_line' id='line_1_11' title="bbox 306 1590 1126 1672; baseline -0.006 -19"><span class='ocrx_word' id='word_1_58' title='bbox 306 1593 381 1668; x_wconf 80' lang='lat' dir='ltr'><strong>Quid</strong></span> <span class='ocrx_word' id='word_1_59' title='bbox 402 1592 452 1652; x_wconf 95' lang='lat' dir='ltr'><strong>tibi</strong></span> <span class='ocrx_word' id='word_1_60' title='bbox 478 1611 541 1653; x_wconf 81' lang='lat' dir='ltr'><strong>cunr</strong></span> <span class='ocrx_word' id='word_1_61' title='bbox 563 1594 657 1671; x_wconf 88' lang='lat' dir='ltr'><strong>vultu,</strong></span> <span class='ocrx_word' id='word_1_62' title='bbox 680 1594 795 1672; x_wconf 84' lang='lat' dir='ltr'><strong>qualem</strong></span> <span class='ocrx_word' id='word_1_63' title='bbox 819 1593 980 1670; x_wconf 89' lang='lat' dir='ltr'><strong>deprensus</strong></span> <span class='ocrx_word' id='word_1_64' title='bbox 1000 1590 1126 1651; x_wconf 86' lang='lat' dir='ltr'><strong>habebat</strong></span> 
     </span>
     <span class='ocr_line' id='line_1_12' title="bbox 305 1669 1131 1756; baseline -0.005 -20"><span class='ocrx_word' id='word_1_65' title='bbox 305 1676 432 1749; x_wconf 81' lang='lat' dir='ltr'><strong>Revela,</strong></span> <span class='ocrx_word' id='word_1_66' title='bbox 456 1676 521 1737; x_wconf 91' lang='lat' dir='ltr'><strong>dum</strong></span> <span class='ocrx_word' id='word_1_67' title='bbox 541 1676 701 1756; x_wconf 87' lang='lat' dir='ltr'><strong>Rhodopes</strong></span> <span class='ocrx_word' id='word_1_68' title='bbox 719 1678 774 1735; x_wconf 91' lang='lat' dir='ltr'><strong>uda</strong></span> <span class='ocrx_word' id='word_1_69' title='bbox 796 1677 863 1735; x_wconf 89' lang='lat' dir='ltr'><strong>terit</strong></span> <span class='ocrx_word' id='word_1_70' title='bbox 881 1676 997 1751; x_wconf 90' lang='lat' dir='ltr'><strong>inguina</strong></span> <span class='ocrx_word' id='word_1_71' title='bbox 1021 1669 1131 1733; x_wconf 81' lang='lat' dir='ltr'><strong>barba?</strong></span> 
     </span>
     <span class='ocr_line' id='line_1_13' title="bbox 305 1758 1140 1836; baseline -0.006 -17"><span class='ocrx_word' id='word_1_72' title='bbox 305 1760 367 1819; x_wconf 91' lang='lat' dir='ltr'><strong>Nos</strong></span> <span class='ocrx_word' id='word_1_73' title='bbox 391 1760 543 1836; x_wconf 83' lang='lat' dir='ltr'>colaphum</span> <span class='ocrx_word' id='word_1_74' title='bbox 563 1758 872 1819; x_wconf 33' lang='lat' dir='ltr'><strong>incutimusalumbenti</strong></span> <span class='ocrx_word' id='word_1_75' title='bbox 893 1758 1019 1818; x_wconf 85' lang='lat' dir='ltr'><strong>crustula</strong></span> <span class='ocrx_word' id='word_1_76' title='bbox 1042 1774 1140 1817; x_wconf 82' lang='lat' dir='ltr'><strong>seruo.</strong></span> 
     </span>
     <span class='ocr_line' id='line_1_14' title="bbox 305 1838 1041 1919; baseline -0.008 -16"><span class='ocrx_word' id='word_1_77' title='bbox 305 1842 370 1903; x_wconf 85' lang='lat' dir='ltr'><strong>Non</strong></span> <span class='ocrx_word' id='word_1_78' title='bbox 396 1852 458 1901; x_wconf 88' lang='lat' dir='ltr'><strong>erat</strong></span> <span class='ocrx_word' id='word_1_79' title='bbox 479 1843 534 1902; x_wconf 89' lang='lat' dir='ltr'><strong>hac</strong></span> <span class='ocrx_word' id='word_1_80' title='bbox 553 1844 628 1903; x_wconf 84' lang='lat' dir='ltr'><strong>facie</strong></span> <span class='ocrx_word' id='word_1_81' title='bbox 649 1842 841 1903; x_wconf 80' lang='lat' dir='ltr'><strong>miserabilior</strong></span> <span class='ocrx_word' id='word_1_82' title='bbox 864 1838 1041 1919; x_wconf 80' lang='lat' dir='ltr'><strong>Crepereius</strong></span> 
     </span>
     <span class='ocr_line' id='line_1_15' title="bbox 306 1915 1148 2005; baseline -0.007 -18"><span class='ocrx_word' id='word_1_83' title='bbox 306 1926 415 1999; x_wconf 91' lang='lat' dir='ltr'><strong>Pollio,</strong></span> <span class='ocrx_word' id='word_1_84' title='bbox 443 1926 489 2005; x_wconf 92' lang='lat' dir='ltr'><strong>qui</strong></span> <span class='ocrx_word' id='word_1_85' title='bbox 511 1926 654 2004; x_wconf 90' lang='lat' dir='ltr'><strong>triplicem</strong></span> <span class='ocrx_word' id='word_1_86' title='bbox 679 1944 792 1985; x_wconf 90' lang='lat' dir='ltr'><strong>usuram</strong></span> <span class='ocrx_word' id='word_1_87' title='bbox 814 1934 963 2004; x_wconf 88' lang='lat' dir='ltr'><strong>praestare</strong></span> <span class='ocrx_word' id='word_1_88' title='bbox 987 1932 1104 2002; x_wconf 88' lang='lat' dir='ltr'><strong>paratus</strong></span> <span class='ocrx_word' id='word_1_89' title='bbox 1144 1915 1148 1928; x_wconf 91' lang='lat'>&#39;</span> 
     </span>
     <span class='ocr_line' id='line_1_16' title="bbox 308 2008 1089 2085; baseline -0.005 -16"><span class='ocrx_word' id='word_1_90' title='bbox 308 2008 443 2069; x_wconf 78' lang='lat' dir='ltr'><strong>circumit</strong></span> <span class='ocrx_word' id='word_1_91' title='bbox 468 2018 496 2067; x_wconf 89' lang='lat' dir='ltr'><strong>et</strong></span> <span class='ocrx_word' id='word_1_92' title='bbox 517 2009 612 2069; x_wconf 82' lang='lat' dir='ltr'><strong>fatuos</strong></span> <span class='ocrx_word' id='word_1_93' title='bbox 633 2027 690 2070; x_wconf 94' lang='lat' dir='ltr'><strong>non</strong></span> <span class='ocrx_word' id='word_1_94' title='bbox 710 2010 827 2069; x_wconf 88' lang='lat' dir='ltr'><strong>invenit.</strong></span> <span class='ocrx_word' id='word_1_95' title='bbox 864 2008 946 2071; x_wconf 89' lang='lat' dir='ltr'><strong>Unde</strong></span> <span class='ocrx_word' id='word_1_96' title='bbox 967 2015 1089 2085; x_wconf 87' lang='lat' dir='ltr'><strong>repente</strong></span> 
     </span>
     <span class='ocr_line' id='line_1_17' title="bbox 308 2088 1038 2169; baseline -0.003 -17"><span class='ocrx_word' id='word_1_97' title='bbox 308 2092 363 2152; x_wconf 82' lang='lat' dir='ltr'><strong>&#39;lot</strong></span> <span class='ocrx_word' id='word_1_98' title='bbox 383 2088 494 2169; x_wconf 73' lang='lat' dir='ltr'><strong>rugae?</strong></span> <span class='ocrx_word' id='word_1_99' title='bbox 523 2102 603 2153; x_wconf 87' lang='lat' dir='ltr'><strong>certe</strong></span> <span class='ocrx_word' id='word_1_100' title='bbox 623 2094 736 2155; x_wconf 90' lang='lat' dir='ltr'><strong>modico</strong></span> <span class='ocrx_word' id='word_1_101' title='bbox 759 2101 909 2154; x_wconf 89' lang='lat' dir='ltr'><strong>contentus</strong></span> <span class='ocrx_word' id='word_1_102' title='bbox 928 2090 1038 2167; x_wconf 82' lang='lat' dir='ltr'><strong>agebas</strong></span> 
     </span>
     <span class='ocr_line' id='line_1_18' title="bbox 306 2172 1287 2253; baseline -0.004 -18"><span class='ocrx_word' id='word_1_103' title='bbox 306 2176 432 2235; x_wconf 87' lang='lat' dir='ltr'><strong>Vernam</strong></span> <span class='ocrx_word' id='word_1_104' title='bbox 455 2178 596 2253; x_wconf 85' lang='lat' dir='ltr'><strong>equitem,</strong></span> <span class='ocrx_word' id='word_1_105' title='bbox 620 2180 740 2237; x_wconf 89' lang='lat' dir='ltr'><strong>conviva</strong></span> <span class='ocrx_word' id='word_1_106' title='bbox 762 2180 828 2237; x_wconf 92' lang='lat' dir='ltr'><strong>ioco</strong></span> <span class='ocrx_word' id='word_1_107' title='bbox 854 2174 1004 2235; x_wconf 89' lang='lat' dir='ltr'><strong>mordente</strong></span> <span class='ocrx_word' id='word_1_108' title='bbox 1029 2172 1143 2233; x_wconf 84' lang='lat' dir='ltr'><strong>facetus</strong></span> <span class='ocrx_word' id='word_1_109' title='bbox 1252 2186 1287 2240; x_wconf 90' lang='lat'><strong>10</strong></span> 
     </span>
     <span class='ocr_line' id='line_1_19' title="bbox 307 2259 1020 2338; baseline -0.006 -19"><span class='ocrx_word' id='word_1_110' title='bbox 307 2259 344 2319; x_wconf 83' lang='lat' dir='ltr'><strong>Et</strong></span> <span class='ocrx_word' id='word_1_111' title='bbox 366 2259 473 2318; x_wconf 88' lang='lat' dir='ltr'><strong>salibus</strong></span> <span class='ocrx_word' id='word_1_112' title='bbox 495 2260 652 2320; x_wconf 86' lang='lat' dir='ltr'><strong>vehemens</strong></span> <span class='ocrx_word' id='word_1_113' title='bbox 673 2262 746 2327; x_wconf 89' lang='lat' dir='ltr'><strong>intra</strong></span> <span class='ocrx_word' id='word_1_114' title='bbox 767 2261 918 2338; x_wconf 87' lang='lat' dir='ltr'><strong>pomoeria</strong></span> <span class='ocrx_word' id='word_1_115' title='bbox 936 2259 1020 2317; x_wconf 89' lang='lat' dir='ltr'><strong>natis.</strong></span> 
     </span>
     <span class='ocr_line' id='line_1_20' title="bbox 308 2341 1159 2420; baseline -0.001 -19"><span class='ocrx_word' id='word_1_116' title='bbox 308 2342 408 2409; x_wconf 83' lang='lat' dir='ltr'><strong>Omnia</strong></span> <span class='ocrx_word' id='word_1_117' title='bbox 431 2361 505 2401; x_wconf 92' lang='lat' dir='ltr'><strong>nunc</strong></span> <span class='ocrx_word' id='word_1_118' title='bbox 532 2345 761 2404; x_wconf 86' lang='lat' dir='ltr'><strong>contra:·vultus</strong></span> <span class='ocrx_word' id='word_1_119' title='bbox 783 2346 899 2420; x_wconf 62' lang='lat' dir='ltr'><strong>mavis,</strong></span> <span class='ocrx_word' id='word_1_120' title='bbox 921 2341 1039 2403; x_wconf 88' lang='lat' dir='ltr'><strong>horrida</strong></span> <span class='ocrx_word' id='word_1_121' title='bbox 1060 2342 1159 2401; x_wconf 87' lang='lat' dir='ltr'><strong>siccae</strong></span> 
     </span>
     <span class='ocr_line' id='line_1_21' title="bbox 308 2424 1105 2503; baseline -0.003 -18"><span class='ocrx_word' id='word_1_122' title='bbox 308 2426 386 2485; x_wconf 89' lang='lat' dir='ltr'><strong>Silva</strong></span> <span class='ocrx_word' id='word_1_123' title='bbox 409 2443 525 2501; x_wconf 89' lang='lat' dir='ltr'><strong>comae,</strong></span> <span class='ocrx_word' id='word_1_124' title='bbox 546 2427 638 2489; x_wconf 89' lang='lat' dir='ltr'><strong>nullus</strong></span> <span class='ocrx_word' id='word_1_125' title='bbox 660 2438 720 2488; x_wconf 87' lang='lat' dir='ltr'><strong>tota</strong></span> <span class='ocrx_word' id='word_1_126' title='bbox 742 2430 817 2487; x_wconf 89' lang='lat' dir='ltr'><strong>nitor</strong></span> <span class='ocrx_word' id='word_1_127' title='bbox 837 2430 866 2486; x_wconf 91' lang='lat' dir='ltr'><strong>iu</strong></span> <span class='ocrx_word' id='word_1_128' title='bbox 886 2434 967 2501; x_wconf 88' lang='lat' dir='ltr'><strong>cute,</strong></span> <span class='ocrx_word' id='word_1_129' title='bbox 992 2424 1105 2503; x_wconf 88' lang='lat' dir='ltr'><strong>qualem</strong></span> 
     </span>
     <span class='ocr_line' id='line_1_22' title="bbox 307 2508 996 2587; baseline -0.001 -20"><span class='ocrx_word' id='word_1_130' title='bbox 307 2508 414 2568; x_wconf 91' lang='lat' dir='ltr'><strong>Bruttia</strong></span> <span class='ocrx_word' id='word_1_131' title='bbox 438 2511 604 2587; x_wconf 87' lang='lat' dir='ltr'><strong>praestabat</strong></span> <span class='ocrx_word' id='word_1_132' title='bbox 624 2512 709 2571; x_wconf 91' lang='lat' dir='ltr'><strong>calidi</strong></span> <span class='ocrx_word' id='word_1_133' title='bbox 729 2511 779 2571; x_wconf 91' lang='lat' dir='ltr'><strong>tibi</strong></span> <span class='ocrx_word' id='word_1_134' title='bbox 800 2511 892 2570; x_wconf 83' lang='lat' dir='ltr'><strong>lascis</strong></span> <span class='ocrx_word' id='word_1_135' title='bbox 912 2508 996 2583; x_wconf 89' lang='lat' dir='ltr'><strong>visci,</strong></span> 
     </span>
     <span class='ocr_line' id='line_1_23' title="bbox 309 2592 1287 2671; baseline -0.001 -19"><span class='ocrx_word' id='word_1_136' title='bbox 309 2592 367 2652; x_wconf 90' lang='lat' dir='ltr'><strong>Sed</strong></span> <span class='ocrx_word' id='word_1_137' title='bbox 388 2592 538 2651; x_wconf 76' lang='lat' dir='ltr'><strong>fruticante</strong></span> <span class='ocrx_word' id='word_1_138' title='bbox 561 2595 622 2671; x_wconf 93' lang='lat' dir='ltr'><strong>pilo</strong></span> <span class='ocrx_word' id='word_1_139' title='bbox 643 2594 779 2669; x_wconf 89' lang='lat' dir='ltr'><strong>neglecta</strong></span> <span class='ocrx_word' id='word_1_140' title='bbox 802 2602 832 2653; x_wconf 87' lang='lat' dir='ltr'><strong>et</strong></span> <span class='ocrx_word' id='word_1_141' title='bbox 850 2592 983 2671; x_wconf 87' lang='lat' dir='ltr'><strong>&#39;squalida</strong></span> <span class='ocrx_word' id='word_1_142' title='bbox 1005 2609 1098 2651; x_wconf 82' lang='lat' dir='ltr'><strong>crura.</strong></span> <span class='ocrx_word' id='word_1_143' title='bbox 1254 2599 1287 2653; x_wconf 81' lang='lat'><strong>15</strong></span> 
     </span>
     <span class='ocr_line' id='line_1_24' title="bbox 309 2670 1134 2755; baseline -0.001 -22"><span class='ocrx_word' id='word_1_144' title='bbox 309 2674 383 2747; x_wconf 81' lang='lat' dir='ltr'><strong>Quid</strong></span> <span class='ocrx_word' id='word_1_145' title='bbox 407 2677 513 2755; x_wconf 84' lang='lat' dir='ltr'><strong>macies</strong></span> <span class='ocrx_word' id='word_1_146' title='bbox 532 2678 613 2751; x_wconf 83' lang='lat' dir='ltr'><strong>aegri</strong></span> <span class='ocrx_word' id='word_1_147' title='bbox 636 2678 759 2751; x_wconf 89' lang='lat' dir='ltr'><strong>veteris,</strong></span> <span class='ocrx_word' id='word_1_148' title='bbox 785 2695 870 2755; x_wconf 90' lang='lat' dir='ltr'><strong>quem</strong></span> <span class='ocrx_word' id='word_1_149' title='bbox 891 2670 1023 2751; x_wconf 83' lang='lat' dir='ltr'><strong>tempore</strong></span> <span class='ocrx_word' id='word_1_150' title='bbox 1044 2674 1134 2751; x_wconf 88' lang='lat' dir='ltr'><strong>longo</strong></span> 
     </span>
     <span class='ocr_line' id='line_1_25' title="bbox 309 2756 1088 2837; baseline -0.003 -20"><span class='ocrx_word' id='word_1_151' title='bbox 309 2758 413 2817; x_wconf 85' lang='lat' dir='ltr'><strong>Torret</strong></span> <span class='ocrx_word' id='word_1_152' title='bbox 436 2767 535 2835; x_wconf 87' lang='lat' dir='ltr'><strong>quarta</strong></span> <span class='ocrx_word' id='word_1_153' title='bbox 560 2759 623 2817; x_wconf 86' lang='lat' dir='ltr'><strong>dies</strong></span> <span class='ocrx_word' id='word_1_154' title='bbox 641 2760 769 2837; x_wconf 86' lang='lat' dir='ltr'><strong>olimque</strong></span> <span class='ocrx_word' id='word_1_155' title='bbox 791 2760 950 2828; x_wconf 86' lang='lat' dir='ltr'><strong>domestica</strong></span> <span class='ocrx_word' id='word_1_156' title='bbox 970 2757 1061 2817; x_wconf 81' lang='lat' dir='ltr'><strong>febris</strong></span> <span class='ocrx_word' id='word_1_157' title='bbox 1069 2756 1088 2827; x_wconf 79' lang='lat' dir='ltr'><strong>‘l</strong></span> 
     </span>
     <span class='ocr_line' id='line_1_26' title="bbox 308 2841 1047 2919; baseline -0.001 -18"><span class='ocrx_word' id='word_1_158' title='bbox 308 2841 480 2918; x_wconf 87' lang='lat' dir='ltr'><strong>Deprendas</strong></span> <span class='ocrx_word' id='word_1_159' title='bbox 501 2843 584 2901; x_wconf 87' lang='lat' dir='ltr'><strong>animi</strong></span> <span class='ocrx_word' id='word_1_160' title='bbox 610 2851 750 2903; x_wconf 89' lang='lat' dir='ltr'><strong>tormenta</strong></span> <span class='ocrx_word' id='word_1_161' title='bbox 772 2843 888 2903; x_wconf 85' lang='lat' dir='ltr'><strong>latentis</strong></span> <span class='ocrx_word' id='word_1_162' title='bbox 908 2843 937 2901; x_wconf 90' lang='lat' dir='ltr'><strong>in</strong></span> <span class='ocrx_word' id='word_1_163' title='bbox 957 2858 1047 2919; x_wconf 87' lang='lat' dir='ltr'><strong>aegro</strong></span> 
     </span>
     <span class='ocr_line' id='line_1_27' title="bbox 310 2924 1108 3003; baseline -0.003 -19"><span class='ocrx_word' id='word_1_164' title='bbox 310 2924 459 3002; x_wconf 80' lang='lat' dir='ltr'><strong>Corpore,</strong></span> <span class='ocrx_word' id='word_1_165' title='bbox 480 2924 642 3003; x_wconf 88' lang='lat' dir='ltr'><strong>deprendas</strong></span> <span class='ocrx_word' id='word_1_166' title='bbox 661 2936 691 2985; x_wconf 92' lang='lat' dir='ltr'><strong>et</strong></span> <span class='ocrx_word' id='word_1_167' title='bbox 711 2926 828 3003; x_wconf 84' lang='lat' dir='ltr'><strong>gaudia;</strong></span> <span class='ocrx_word' id='word_1_168' title='bbox 851 2927 936 2985; x_wconf 90' lang='lat' dir='ltr'><strong>sumit</strong></span> <span class='ocrx_word' id='word_1_169' title='bbox 958 2935 1108 3002; x_wconf 89' lang='lat' dir='ltr'><strong>utrumqne</strong></span> 
     </span>
     <span class='ocr_line' id='line_1_28' title="bbox 308 3006 1290 3091; baseline 0 -24"><span class='ocrx_word' id='word_1_170' title='bbox 308 3006 378 3067; x_wconf 91' lang='lat' dir='ltr'><strong>lude</strong></span> <span class='ocrx_word' id='word_1_171' title='bbox 401 3006 524 3091; x_wconf 80' lang='lat' dir='ltr'><strong>habitum</strong></span> <span class='ocrx_word' id='word_1_172' title='bbox 545 3008 646 3069; x_wconf 86' lang='lat' dir='ltr'><strong>iacies.</strong></span> <span class='ocrx_word' id='word_1_173' title='bbox 679 3009 769 3087; x_wconf 83' lang='lat' dir='ltr'><strong>Igitur</strong></span> <span class='ocrx_word' id='word_1_174' title='bbox 783 3010 902 3070; x_wconf 84' lang='lat' dir='ltr'><strong>flexisse</strong></span> <span class='ocrx_word' id='word_1_175' title='bbox 922 3008 1030 3068; x_wconf 89' lang='lat' dir='ltr'><strong>videris</strong></span> <span class='ocrx_word' id='word_1_176' title='bbox 1253 3014 1290 3067; x_wconf 79' lang='lat' dir='ltr'><strong>to</strong></span> 
     </span>
     <span class='ocr_line' id='line_1_29' title="bbox 310 3090 1013 3171; baseline -0.001 -22"><span class='ocrx_word' id='word_1_177' title='bbox 310 3090 491 3168; x_wconf 87' lang='lat' dir='ltr'><strong>Propositum</strong></span> <span class='ocrx_word' id='word_1_178' title='bbox 516 3102 544 3151; x_wconf 89' lang='lat' dir='ltr'><strong>et</strong></span> <span class='ocrx_word' id='word_1_179' title='bbox 565 3094 641 3153; x_wconf 88' lang='lat' dir='ltr'><strong>vitae</strong></span> <span class='ocrx_word' id='word_1_180' title='bbox 664 3094 824 3153; x_wconf 87' lang='lat' dir='ltr'><strong>contrarius</strong></span> <span class='ocrx_word' id='word_1_181' title='bbox 845 3095 887 3153; x_wconf 90' lang='lat' dir='ltr'><strong>ire</strong></span> <span class='ocrx_word' id='word_1_182' title='bbox 913 3093 1013 3171; x_wconf 89' lang='lat' dir='ltr'><strong>priori.</strong></span> 
     </span>
     <span class='ocr_line' id='line_1_30' title="bbox 309 3168 1199 3253; baseline -0.002 -21"><span class='ocrx_word' id='word_1_183' title='bbox 309 3173 409 3251; x_wconf 91' lang='lat' dir='ltr'><strong>Nuper</strong></span> <span class='ocrx_word' id='word_1_184' title='bbox 428 3176 519 3251; x_wconf 88' lang='lat' dir='ltr'><strong>enirn,</strong></span> <span class='ocrx_word' id='word_1_185' title='bbox 542 3184 572 3233; x_wconf 92' lang='lat' dir='ltr'><strong>ut</strong></span> <span class='ocrx_word' id='word_1_186' title='bbox 592 3185 711 3253; x_wconf 86' lang='lat' dir='ltr'><strong>repeto,</strong></span> <span class='ocrx_word' id='word_1_187' title='bbox 734 3177 830 3237; x_wconf 87' lang='lat' dir='ltr'><strong>lanum</strong></span> <span class='ocrx_word' id='word_1_188' title='bbox 850 3176 934 3235; x_wconf 92' lang='lat' dir='ltr'><strong>lsidis</strong></span> <span class='ocrx_word' id='word_1_189' title='bbox 953 3183 982 3233; x_wconf 92' lang='lat' dir='ltr'><strong>et</strong></span> <span class='ocrx_word' id='word_1_190' title='bbox 1002 3168 1199 3247; x_wconf 75' lang='lat' dir='ltr'><strong>Ganymedem</strong></span> 
     </span>
     <span class='ocr_line' id='line_1_31' title="bbox 309 3256 1311 3339; baseline -0.001 -24"><span class='ocrx_word' id='word_1_191' title='bbox 309 3256 393 3315; x_wconf 89' lang='lat' dir='ltr'><strong>Pacis</strong></span> <span class='ocrx_word' id='word_1_192' title='bbox 415 3265 444 3315; x_wconf 92' lang='lat' dir='ltr'><strong>et</strong></span> <span class='ocrx_word' id='word_1_193' title='bbox 466 3258 606 3318; x_wconf 87' lang='lat' dir='ltr'><strong>advectae</strong></span> <span class='ocrx_word' id='word_1_194' title='bbox 629 3268 744 3319; x_wconf 88' lang='lat' dir='ltr'><strong>secreta</strong></span> <span class='ocrx_word' id='word_1_195' title='bbox 770 3260 876 3339; x_wconf 84' lang='lat' dir='ltr'><strong>palatia</strong></span> <span class='ocrx_word' id='word_1_196' title='bbox 897 3257 997 3317; x_wconf 85' lang='lat' dir='ltr'><strong>llatris</strong></span> <span class='ocrx_word' id='word_1_197' title='bbox 1308 3330 1311 3335; x_wconf 21' lang='grc' dir='ltr'>Ι</span> 
     </span>
     <span class='ocr_line' id='line_1_32' title="bbox 262 3334 1194 3420; baseline -0.002 -22"><span class='ocrx_word' id='word_1_198' title='bbox 262 3370 265 3375; x_wconf 90' lang='grc'><strong>-</strong></span> <span class='ocrx_word' id='word_1_199' title='bbox 309 3338 347 3398; x_wconf 85' lang='lat' dir='ltr'><strong>Et</strong></span> <span class='ocrx_word' id='word_1_200' title='bbox 367 3338 505 3400; x_wconf 81' lang='lat' dir='ltr'><strong>Cererem</strong></span> <span class='ocrx_word' id='word_1_201' title='bbox 526 3342 605 3419; x_wconf 89' lang='lat' dir='ltr'><strong>(nam</strong></span> <span class='ocrx_word' id='word_1_202' title='bbox 627 3359 684 3420; x_wconf 93' lang='lat' dir='ltr'><strong>quo</strong></span> <span class='ocrx_word' id='word_1_203' title='bbox 708 3361 766 3403; x_wconf 93' lang='lat' dir='ltr'><strong>non</strong></span> <span class='ocrx_word' id='word_1_204' title='bbox 787 3350 898 3420; x_wconf 85' lang='lat' dir='ltr'><strong>prostat</strong></span> <span class='ocrx_word' id='word_1_205' title='bbox 922 3340 1026 3399; x_wconf 83' lang='lat' dir='ltr'><strong>lemine</strong></span> <span class='ocrx_word' id='word_1_206' title='bbox 1047 3334 1194 3417; x_wconf 81' lang='lat' dir='ltr'><strong>temploi)</strong></span> 
     </span>
     <span class='ocr_line' id='line_1_33' title="bbox 309 3421 1290 3498; baseline 0.002 -18"><span class='ocrx_word' id='word_1_207' title='bbox 309 3421 413 3483; x_wconf 91' lang='lat' dir='ltr'><strong>Notior</strong></span> <span class='ocrx_word' id='word_1_208' title='bbox 436 3422 551 3483; x_wconf 85' lang='lat' dir='ltr'><strong>Aufidio</strong></span> <span class='ocrx_word' id='word_1_209' title='bbox 574 3425 713 3485; x_wconf 85' lang='lat' dir='ltr'><strong>moechus</strong></span> <span class='ocrx_word' id='word_1_210' title='bbox 740 3425 889 3485; x_wconf 86' lang='lat' dir='ltr'><strong>scelerare</strong></span> <span class='ocrx_word' id='word_1_211' title='bbox 912 3422 1043 3498; x_wconf 88' lang='lat' dir='ltr'><strong>solebas,</strong></span> <span class='ocrx_word' id='word_1_212' title='bbox 1255 3430 1290 3483; x_wconf 71' lang='lat'><strong>2²»</strong></span> 
     </span>
     <span class='ocr_line' id='line_1_34' title="bbox 311 3503 1101 3587; baseline -0.001 -22"><span class='ocrx_word' id='word_1_213' title='bbox 311 3503 452 3584; x_wconf 83' lang='lat' dir='ltr'><strong>Quodque</strong></span> <span class='ocrx_word' id='word_1_214' title='bbox 477 3517 574 3583; x_wconf 89' lang='lat' dir='ltr'><strong>taces,</strong></span> <span class='ocrx_word' id='word_1_215' title='bbox 601 3510 683 3587; x_wconf 91' lang='lat' dir='ltr'><strong>ipsos</strong></span> <span class='ocrx_word' id='word_1_216' title='bbox 708 3511 792 3567; x_wconf 90' lang='lat' dir='ltr'><strong>etiam</strong></span> <span class='ocrx_word' id='word_1_217' title='bbox 814 3507 953 3567; x_wconf 85' lang='lat' dir='ltr'><strong>inclinare</strong></span> <span class='ocrx_word' id='word_1_218' title='bbox 974 3508 1101 3566; x_wconf 86' lang='lat' dir='ltr'><strong>maritos.</strong></span> 
     </span>
    </p>

    <p class='ocr_par' dir='ltr' id='par_1_10' title="bbox 309 3587 1209 3751">
     <span class='ocr_line' id='line_1_35' title="bbox 352 3587 1189 3667; baseline -0.004 -18"><span class='ocrx_word' id='word_1_219' title='bbox 352 3588 452 3663; x_wconf 89' lang='lat' dir='ltr'><strong>„Utile</strong></span> <span class='ocrx_word' id='word_1_220' title='bbox 473 3598 502 3649; x_wconf 90' lang='lat' dir='ltr'><strong>et</strong></span> <span class='ocrx_word' id='word_1_221' title='bbox 523 3590 580 3651; x_wconf 91' lang='lat' dir='ltr'><strong>boc</strong></span> <span class='ocrx_word' id='word_1_222' title='bbox 599 3592 694 3649; x_wconf 89' lang='lat' dir='ltr'><strong>multis</strong></span> <span class='ocrx_word' id='word_1_223' title='bbox 714 3592 792 3649; x_wconf 91' lang='lat' dir='ltr'><strong>vitae</strong></span> <span class='ocrx_word' id='word_1_224' title='bbox 813 3608 921 3667; x_wconf 90' lang='lat' dir='ltr'><strong>genus;</strong></span> <span class='ocrx_word' id='word_1_225' title='bbox 943 3599 971 3649; x_wconf 84' lang='lat' dir='ltr'><strong>ut</strong></span> <span class='ocrx_word' id='word_1_226' title='bbox 993 3590 1059 3649; x_wconf 88' lang='lat' dir='ltr'><strong>mihi</strong></span> <span class='ocrx_word' id='word_1_227' title='bbox 1082 3587 1189 3647; x_wconf 90' lang='lat' dir='ltr'><strong>nullum</strong></span> 
     </span>
     <span class='ocr_line' id='line_1_36' title="bbox 309 3668 1209 3751; baseline -0.007 -16"><span class='ocrx_word' id='word_1_228' title='bbox 309 3668 511 3751; x_wconf 68' lang='lat' dir='ltr'><strong>lndc‘operae</strong></span> <span class='ocrx_word' id='word_1_229' title='bbox 533 3676 664 3751; x_wconf 91' lang='lat' dir='ltr'><strong>pretium.</strong></span> <span class='ocrx_word' id='word_1_230' title='bbox 701 3672 827 3749; x_wconf 86' lang='lat' dir='ltr'><strong>Pingues</strong></span> <span class='ocrx_word' id='word_1_231' title='bbox 849 3673 1001 3751; x_wconf 85' lang='lat' dir='ltr'><strong>aliquando</strong></span> <span class='ocrx_word' id='word_1_232' title='bbox 1025 3671 1167 3745; x_wconf 81' lang='lat' dir='ltr'><strong>lacernas,</strong></span> <span class='ocrx_word' id='word_1_233' title='bbox 1206 3685 1209 3691; x_wconf 79' lang='grc'><em>“</em></span> 
     </span>
    </p>
   </div>
   <div class='ocr_carea' id='block_1_6' title="bbox 0 0 1536 4484">
    <p class='ocr_par' dir='ltr' id='par_1_11' title="bbox 0 0 1536 4484">
     <span class='ocr_line' id='line_1_37' title="bbox 0 0 1536 4484; baseline 0 0"><span class='ocrx_word' id='word_1_234' title='bbox 0 0 1536 4484; x_wconf 95' lang='lat' dir='ltr'><strong> </strong></span> 
     </span>
    </p>
   </div>
  </div>
 </body>
</html>
