3050 4484
313 469 351 529 16
633 479 668 526 o.
691 479 763 526 nun.
784 477 970 526 ruunuffls

308 619 415 680 Lectus
438 627 501 680 erat
520 615 618 676 Codro
641 614 765 676 Procula
786 616 893 690 minor,
916 616 1029 676 urceoli
1051 635 1115 692 sex,

311 702 513 763 Ornamentum
534 700 635 775 abaci,
658 717 714 759 nec
735 716 794 758 non
815 708 844 758 et
862 700 998 776 parvulus
1018 700 1090 760 inira

309 786 471 846 (lantherus
495 793 524 844 et
545 783 690 843 recubans
711 781 763 842 sub
786 782 891 842 eodem
911 801 1054 843 marmore
1077 782 1199 849 chiram
1245 792 1296 846 205

309 869 428 948 lamque
451 878 536 928 vetus
558 883 685 941 graecos
707 865 940 926 servabat'cista
958 867 1086 943 libellos,
1280 869 1284 884 ⁴
1342 878 1344 883 '

310 953 347 1013 m
369 953 462 1012 divina
483 952 561 1028 opici
581 950 723 1010 rodebant
745 951 871 1010 carmina
890 968 997 1023 mures

310 1037 357 1096 Nil
376 1036 473 1095 habuit
493 1033 619 1102 Codrum
643 1036 706 1112 quis
729 1034 804 1093 enim
823 1030 931 1108 negat?
955 1043 985 1093 et
1007 1045 1102 1096 tamen
1122 1033 1193 1094 illud

138 1133 145 1150 ·
249 1161 251 1164 -
311 1120 438 1180 Perdidit
456 1119 557 1178 infelix
579 1126 669 1176 totum
690 1117 777 1176 nihil:
799 1116 915 1193 ultimus
934 1126 1030 1177 autem

310 1204 474 1262 Aerumnae
491 1211 536 1261 est
552 1201 699 1276 cumulus,
716 1200 794 1278 quod
811 1200 914 1260 nudum
929 1211 959 1260 et
974 1201 1066 1262 frusta
1081 1211 1232 1280 rogantem
1246 1211 1300 1264 210
1412 1255 1413 1261 ,

310 1286 403 1346 Nemo
427 1285 511 1360 cibo,
534 1302 619 1344 nemo
642 1284 769 1362 hospitio
789 1292 929 1362 tectoque
947 1285 1065 1345 iuvabit.

310 1371 465 1446 Simagre
487 1368 617 1428 Asturici
639 1368 746 1428 cecidit
768 1367 887 1442 domus,
910 1366 1028 1429 horrida
1046 1379 1148 1445 mater,

310 1453 415 1512 Pullati
436 1469 595 1530 proceres,
616 1451 712 1510 differt
734 1451 896 1511 vadimonia
914 1461 1048 1528 praetor;
1096 1470 1100 1478 ¹

311 1536 392 1596 'lunc
412 1537 553 1613 gemimus
575 1553 660 1594 casus
680 1534 778 1609 urbis,
795 1543 863 1595 tuuc
882 1534 994 1594 odimus
1014 1537 1119 1613 ignem.

193 1689 199 1705 Ι
311 1620 405 1680 Ardet
427 1619 536 1693 adhuc,
560 1627 589 1677 et
612 1620 667 1678 iam
688 1619 814 1678 accurrit
837 1620 885 1696 qui
902 1636 1045 1679 marmora
1066 1620 1165 1694 donet,
1246 1628 1298 1680 215

312 1698 453 1762 Conferat
476 1703 636 1778 impensas:
659 1700 706 1760 hic
727 1701 802 1760 nuda
824 1711 854 1759 et
876 1702 997 1762 candida
1019 1704 1112 1779 signa,

199 1791 209 1800 ”
311 1786 366 1845 Ηίο
386 1785 494 1862 aliquid
517 1784 698 1862 praeclarum
716 1783 914 1861 Euphranoris
934 1793 963 1843 et
981 1785 1126 1860 Polycliti,

311 1869 392 1928 llaec
415 1868 587 1928 Asianorum
610 1876 711 1926 uetera
732 1875 898 1928 ornamenta
921 1868 1051 1943 deorum,

311 1953 365 2012 llic
388 1950 480 2010 libros
502 1951 579 2010 dabit
598 1961 626 2010 et
646 1951 758 2010 forulos
781 1951 963 2030 mediamque
982 1951 1150 2027 Minervam,

311 2036 366 2095 llic
388 2034 513 2094 modium
533 2035 661 2111 argentm
682 2035 805 2095 meliora
827 2052 862 2094 ac
881 2035 964 2112 plura
982 2038 1099 2114 reponit
1247 2044 1300 2098 Pto

312 2119 449 2179 Persicus
472 2117 608 2178 orborum
628 2118 803 2202 lautissimus
823 2127 853 2177 et
872 2120 975 2178 merito
998 2121 1054 2179 iam

314 2205 491 2281 Suspectus,
511 2211 654 2280 tamquam
675 2203 739 2280 ipse
760 2219 828 2261 suas
846 2203 1007 2262 incenderit
1028 2203 1127 2263 aedes.

312 2287 345 2348 Si
365 2295 451 2363 potes
473 2286 560 2345 avelli
579 2285 777 2361 circensibus,
801 2288 908 2364 optima
926 2288 1019 2346 Sorae

312 2371 371 2429 Aut
386 2368 572 2429 Fabrateriae
593 2370 694 2429 domus
715 2377 765 2429 aut
785 2368 945 2429 Frusinone
968 2379 1095 2448 paratur,

313 2453 420 2526 Quanti
441 2471 515 2512 nunc
536 2453 674 2513 tenebras
695 2471 782 2513 unum
803 2453 940 2514 conducis
958 2455 1119 2513 insonum.
1246 2462 1299 2515 tas

312 2535 451 2596 Hortulus
472 2535 520 2594 hic
539 2546 701 2614 puteusque
722 2537 821 2596 brevis
840 2555 897 2596 nec
914 2545 994 2596 reste
1013 2535 1173 2596 movendus

312 2619 346 2678 lu
367 2628 470 2677 tenues
486 2618 598 2695 plautas
620 2619 699 2678 facili
722 2619 887 2679 dillunditur
907 2618 1018 2678 haustu.

313 2703 389 2761 Vive
411 2701 535 2761 bidentis
556 2719 653 2761 amans
675 2710 705 2760 et
723 2702 793 2760 culti
824 2702 927 2761 vilicus
945 2701 1033 2778 horti,

314 2785 399 2844 Unde
422 2785 537 2862 epulum
559 2787 656 2863 possis
678 2794 792 2844 eentum
811 2784 881 2845 dare
903 2784 1104 2863 Pythagoreis.

314 2868 368 2933 llst
389 2867 511 2946 aliquid,
533 2886 714 2946 quocumque
740 2868 825 2942 loeo,
849 2886 1030 2948 quocumque
1051 2888 1183 2945 recessu,
1247 2877 1301 2931 230
1406 2860 1407 2899 ³

313 2951 405 3012 Unius
428 2959 496 3012 sese
520 2951 660 3012 dominum
681 2952 791 3012 iecisse
814 2952 953 3013 lacertae.

358 3035 497 3095 Plurimus
519 3035 568 3094 hic
589 3053 681 3112 aeger
701 3038 821 3096 moritur
839 3036 1002 3113 vigilando;
1025 3037 1077 3096 sed
1099 3037 1191 3114 ipsum

314 3118 496 3195 [languorem
517 3120 632 3196 peperit
654 3120 734 3179 cibus
754 3120 943 3197 imperfectus
965 3129 995 3178 et
1013 3119 1137 3180 haerens

314 3203 437 3262 Ardenti
458 3201 621 3272 stomacho;
642 3221 707 3263 nam
727 3219 802 3282 quae
822 3204 969 3262 meritoria
989 3219 1118 3280 somnum

315 3282 493 3345 Admittunt?
514 3287 623 3362 magnis
644 3286 746 3364 opibus
768 3287 905 3346 dormitur
926 3287 955 3344 in
974 3285 1055 3344 urbe.
1247 3294 1300 3348 235
1362 3305 1366 3309 ’
1402 3330 1403 3343 r

315 3368 386 3428 lude
410 3377 494 3447 caput
513 3369 621 3438 morhi;
642 3370 775 3430 redarum
797 3370 931 3428 transitus
953 3376 1017 3428 arto

314 3451 453 3512 vicorum
472 3452 578 3512 iuilexu
599 3461 629 3512 et
650 3454 750 3512 stantis
771 3453 901 3511 conuicia
922 3452 1057 3512 mandrae

316 3533 448 3612 Eripient
469 3553 598 3596 somnum
616 3534 712 3595 Druso
735 3536 889 3613 vitulisque
910 3537 1034 3596 marinis.

317 3619 349 3675 Si
370 3628 457 3678 vocat
479 3620 622 3695 cilicium,
641 3618 725 3679 turba
747 3619 871 3679 cedente
892 3619 1015 3680 vehetur

316 3699 406 3761 llives
428 3711 457 3762 et
478 3705 586 3781 ingenti
608 3711 705 3766 curret
723 3721 813 3783 super
834 3720 886 3764 ora
903 3702 1038 3780 liburno,
1248 3712 1303 3767 240
1398 3768 1399 3779 ,
