3050 4484
269 477 309 542 38
618 489 654 536 Ι).
677 480 955 538 communnione

270 628 377 689 Oscula
402 625 550 687 delectent
564 633 601 690 ,et
622 625 791 704 desperatio
813 623 933 701 barbae,

269 712 307 772 Et
330 711 408 791 quod
431 709 563 770 abortivo
588 717 714 769 nonest
737 725 822 786 opus.
858 708 913 769 llla
934 710 1071 789 voluptas

202 848 206 856 ,
269 797 385 857 Summa
406 803 516 869 tamen,
539 794 693 872 quodiam
716 793 809 855 calida
829 802 939 853 matura
961 795 1077 854 iuventa

268 879 388 956 Inguina
415 878 563 940 traduntur
584 877 720 952 medicis,
743 878 799 936 iam
820 877 938 955 pectine
960 880 1054 954 nigro.
1204 889 1257 945 370

268 962 350 1040 Ergo
371 971 560 1041 exspectatos
586 979 621 1021 ac
643 963 739 1021 iussos
763 977 901 1021 crescere
924 963 1044 1038 primum

269 1046 451 1122 denticulos,
473 1054 627 1124 postquam
650 1053 812 1122 coeperunt
832 1044 1052 1120 esse-bilibres,

269 1130 410 1191 Tonsoris
429 1130 532 1190 damnc
554 1138 661 1189 tanturn
683 1129 759 1206 r'apit
780 1127 967 1188 Heliodorus.

270 1213 453 1293 Conspicuus
478 1214 568 1290 longe
592 1213 761 1292 cunctisque
784 1212 921 1272 notabilis
942 1214 1029 1272 intmt

268 1298 395 1373 Balnea,
418 1315 474 1357 nec
496 1297 583 1358 dubie
608 1295 759 1356 custodem
780 1297 847 1356 vitis
870 1305 899 1354 et
920 1296 997 1357 horti
1204 1303 1257 1361 375

268 1383 430 1457 Provocat,
454 1399 470 1441 n
492 1382 606 1442 domina
626 1380 721 1440 lactus
744 1379 846 1458 spado.
882 1379 1013 1440 Dormiat
1034 1380 1085 1455 ille

269 1463 341 1526 Cum
363 1465 492 1527 domina:
516 1465 569 1525 sed
592 1473 623 1524 tu
644 1465 699 1524 iam
720 1463 838 1539 durum,
862 1463 1015 1540 Postume,
1038 1465 1153 1542 iamque

269 1547 457 1610 Tondendum
482 1548 614 1610 eunucho
638 1547 782 1608 Bromium
806 1549 988 1608 committere
1010 1548 1081 1608 noli.

311 1635 343 1694 Si
366 1633 474 1710 gaudet
496 1642 597 1708 cantu,
621 1631 727 1691 nullius
748 1631 838 1692 libula
860 1631 943 1692 durat
1166 1704 1170 1717 Ι

267 1715 380 1777 Vocem
400 1716 552 1776 vendentis
575 1715 776 1794 praetoribus3
799 1732 917 1796 organa,
931 1733 1048 1795 semper
1205 1725 1259 1780 380

151 1797 154 1802 ’
268 1801 301 1861 In
325 1799 470 1867 manibus;
497 1800 579 1860 densi
603 1799 714 1860 radiant
737 1800 884 1859 testudine
909 1809 971 1860 tota

270 1883 491 1959 sardonychen
516 1885 614 1960 crispo
639 1892 825 1942 numerantur
847 1885 965 1961 pectine
986 1884 1129 1960 chordae,

269 1967 336 2042 Quo
357 1966 639 2046 tenerHedymeles
662 1983 770 2044 operas
790 1967 887 2027 dedit:
910 1967 986 2028 inuno
1008 1977 1106 2044 tenet,
1129 1967 1187 2028 lroc
1208 1986 1242 2026 se

270 2053 388 2113 Solatur
412 2061 556 2130 gratoque
581 2051 712 2128 indulget
732 2049 814 2110 basia
841 2052 966 2129 plectro.

270 2136 419 2210 Quaedam
444 2135 481 2195 de
505 2151 626 2195 numero
651 2134 809 2194 lamiarum
833 2136 1013 2196 aeruminis
1037 2135 1106 2195 Aeli
1205 2143 1258 2199 385

269 2221 308 2281 Et
329 2221 407 2280 farre
430 2229 459 2279 et
481 2220 547 2279 vino
570 2218 667 2281 lanum
687 2218 868 2297 Vestamque
889 2218 1023 2296 rogabat,
1128 2247 1144 2256 -

269 2305 316 2364 An
340 2302 532 2383 Capitolinam
555 2301 678 2364 deberet
699 2301 794 2362 Pollio
817 2320 956 2380 quercum

269 2390 398 2467 Sperare
421 2397 452 2446 et
473 2387 576 2448 lidibus
598 2388 780 2466 promittere.
814 2385 890 2460 Quid
912 2387 1026 2447 laceret
1046 2386 1112 2464 plus

270 2471 451 2549 Aegrotante
472 2468 558 2531 uiro?
581 2472 703 2532 medicis
726 2471 795 2550 quid
816 2471 947 2531 tristibus
971 2487 1042 2548 erga

269 2553 425 2616 Filioluml
450 2557 530 2614 stetit
552 2565 618 2615 ante
639 2573 733 2631 aram,
757 2573 813 2614 nec
833 2565 918 2633 turpe
939 2554 1050 2633 putavit
1207 2562 1261 2618 390

270 2641 327 2700 Pro
351 2639 461 2698 eithara
483 2639 585 2698 velare
608 2649 711 2717 caput,
735 2640 902 2716 dictataque
923 2638 1016 2697 uerba

270 2722 407 2797 Pertulit,
430 2731 462 2780 nt
481 2739 545 2782 mos
571 2731 632 2798 est,
658 2731 688 2782 et
710 2731 812 2801 aperta
834 2722 937 2800 polluit
958 2739 1042 2798 agna.

270 2807 327 2867 Dio
345 2806 413 2865 mihi
434 2823 526 2882 nunc,
551 2823 680 2884 quaeso,
709 2807 772 2882 dio,
795 2808 992 2885 antiquissime
1013 2805 1118 2881 divilm,

271 2889 446 2970 Respondes
468 2888 529 2964 his,
553 2889 621 2950 lane
643 2887 748 2969 pater?
774 2909 877 2968 magna
899 2893 956 2951 otio
982 2890 1074 2957 coeli;

270 2973 337 3034 Non
358 2982 419 3049 est,
444 2974 522 3052 quod
540 2975 645 3051 video,
664 2984 788 3034 nonest
808 2975 886 3054 quod
902 2984 1007 3052 agatur
1024 2974 1100 3052 apud
1119 2973 1187 3034 vos!
1206 2982 1261 3038 395

270 3057 352 3118 Haeo
373 3056 409 3117 do
433 3056 582 3118 comoedis
604 3068 634 3118 te
657 3059 796 3127 oonsulit;
818 3058 869 3119 illa
889 3058 1061 3136 tragoedum

272 3139 483 3202 Commendare
507 3141 604 3202 uolet:
631 3145 783 3203 varicosus
805 3143 855 3202 liet
874 3142 1031 3220 haruspex.

271 3227 332 3287 Sed
357 3233 454 3286 cantet
475 3226 589 3304 potius,
613 3245 697 3304 quam
719 3235 808 3286 totam
830 3227 967 3305 pervolet
987 3223 1088 3286 urbem

271 3310 376 3370 Audax
399 3317 429 3368 et
452 3318 555 3369 coetus
578 3313 771 3389 possitquae
794 3310 875 3369 ferre
895 3312 1023 3368 virorum

272 3391 403 3473 cumque
425 3393 568 3470 paludatis
592 3394 712 3454 ducibus
734 3401 891 3472 praesente
913 3393 1016 3452 marito
1209 3403 1263 3456 400

271 3476 340 3556 lpsa
364 3477 445 3555 loqui
467 3487 550 3537 recta
574 3477 650 3537 laoie
679 3475 825 3556 siccisque
846 3477 989 3536 mamillis.

271 3559 353 3621 llaec
375 3559 478 3620 eadem
499 3563 594 3636 novit,
622 3561 690 3639 quid
711 3571 774 3620 toto
797 3560 846 3620 liat
868 3562 897 3620 in
921 3560 1008 3631 orbe;

272 3643 349 3716 Quid
371 3645 477 3720 Seres,
506 3645 574 3724 quid
599 3643 728 3705 Thraces
751 3654 853 3721 agenn
876 3655 992 3706 secreto
1015 3663 1161 3706 novercae

272 3727 310 3788 Et
334 3729 434 3808 pueri;
460 3729 525 3808 quis
548 3736 641 3806 amet,
666 3729 729 3808 quis
753 3729 902 3809 diripiatur
924 3730 1046 3792 adulter.
