3050 4484
309 472 354 539 ’50
557 506 564 519 ·
644 484 769 535 o.1un.
788 486 974 535 mensura

312 628 439 691 Fidimus
458 622 601 705 eloquio?
624 622 761 685 Ciceroni
782 642 868 685 nemo
891 624 1033 687 ducentos

312 711 396 773 Nunc
415 710 529 771 dederit
549 726 695 784 nummos,
718 710 774 769 nisi
794 708 909 769 fulserit
930 709 1052 769 annulus
1072 707 1219 786 iugens?
1247 718 1300 775 llo

313 795 446 874 Respicit
465 794 540 853 baec
561 793 697 873 primum,
721 794 770 871 qui
789 792 899 869 litigat,
920 810 957 853 au
977 792 1029 853 tubi
1050 795 1131 855 servi

313 878 406 953 Octo,
428 873 539 938 decem
552 876 690 950 comites,
714 894 751 935 an
769 884 838 953 post
856 884 887 935 te
905 876 998 951 sella,
1019 878 1112 953 togati

313 962 388 1022 Ante
409 960 511 1040 pedes.
555 959 626 1019 ldeo
649 959 792 1021 conducta
812 957 918 1019 Paulus
940 959 1048 1037 agebat
1156 986 1169 1004 ··

313 1045 517 1121 sardonyche,
539 1052 626 1122 atque
647 1042 716 1102 ideo
738 1042 830 1120 pluris
853 1058 937 1119 mam
960 1042 1061 1105 Gallus
1083 1042 1200 1121 agebat,

313 1128 404 1203 Quam
426 1126 549 1187 Basilus.
593 1124 670 1185 Rara
691 1127 719 1186 iu
739 1126 819 1185 tenui
840 1125 975 1187 iacuudia
995 1144 1100 1205 pauno.
1244 1136 1297 1189 115

312 1212 432 1287 Quando
455 1211 523 1271 licet
544 1208 644 1269 Basilo
664 1208 782 1269 dentem
800 1208 964 1287 producere
984 1206 1125 1271 matrem?

312 1296 383 1368 Quis
402 1294 478 1354 bene
501 1294 646 1355 dicentem
666 1291 793 1353 Basilum
812 1290 910 1352 iurati
931 1294 1056 1372 accipiat
1074 1302 1103 1353 te

312 1378 404 1439 Gallia
423 1378 474 1458 pel
496 1377 592 1455 potius
613 1376 756 1437 nutricula
779 1376 991 1437 causidicorum

256 1492 259 1496 ·
311 1460 428 1536 Africa,
450 1462 475 1519 si
494 1459 602 1539 placuit
623 1459 792 1521 mercedem
813 1476 925 1537 ponere
945 1460 1072 1537 linguae.

353 1544 526 1605 Declamare
548 1540 697 1603 doces?o
720 1543 819 1604 ferrea
839 1551 963 1621 pectora
982 1543 1073 1619 Vetti,
1245 1555 1298 1607 150

312 1628 406 1703 Quum
427 1628 542 1706 perimit
564 1643 671 1688 saevos
691 1626 796 1687 classis
816 1643 972 1687 numerosa
990 1627 1143 1702 tyraums!

310 1710 383 1772 Nam
405 1728 604 1789 quaecumque
619 1710 727 1770 sedens
741 1709 828 1770 modo
845 1708 974 1786 legerat,
996 1710 1071 1771 baec
1092 1710 1195 1773 eadem
1217 1718 1296 1771 stans

311 1794 445 1855 Perierct
466 1802 552 1871 atque
568 1792 670 1853 eadem
686 1792 813 1854 cantabit
834 1792 969 1853 versibus
991 1794 1097 1863 isdem;

312 1877 426 1937 Occidit
447 1877 570 1937 miseros
591 1870 707 1936 crambe
729 1876 855 1954 repetita
872 1877 1037 1954 magistros.

313 1960 383 2033 Quis
407 1958 491 2021 color
512 1969 542 2020 et
563 1959 641 2039 quod
660 1960 698 2019 sit
713 1976 821 2020 causae
834 1976 929 2038 genus
943 1968 1031 2041 atque
1046 1961 1095 2023 ubi
1109 1979 1217 2023 summa
1244 1971 1298 2025 155

312 2042 468 2119 Quaestio,
490 2062 565 2123 quae
584 2044 700 2105 veniant
721 2043 856 2106 diversae
878 2042 956 2105 lortc
975 2046 1112 2122 sagittae,

310 2126 407 2187 Nosse
428 2127 518 2189 velint
535 2144 653 2202 omncs,
675 2128 841 2191 mercedem
861 2127 980 2187 solvere
1000 2146 1096 2189 nemo.
1113 2162 1156 2173 -

310 2208 477 2280 Mercedem
498 2208 653 2291 appellas?
676 2210 744 2291 quid
766 2213 842 2272 enim
862 2207 1003 2272 sciol-
1022 2209 1117 2291 culpa
1139 2212 1273 2274 doceatis

212 2346 215 2351 .
311 2294 431 2355 Scilicet
450 2297 593 2371 arguitur,
615 2295 694 2374 quod
715 2294 800 2356 laeva
822 2301 906 2371 parte
927 2295 1073 2356 mamillae

310 2376 358 2437 Nil
380 2378 446 2437 salit
466 2377 612 2439 Arcadico
633 2379 745 2453 iuveni,
767 2379 846 2439 cuius
866 2377 934 2438 mibi
956 2388 1041 2439 sexta
1245 2384 1299 2438 loo

312 2460 433 2541 Quaque
455 2462 501 2522 die
523 2464 659 2523 miserum
676 2462 753 2525 dirus
774 2470 862 2541 caput
879 2460 1021 2524 Hannibal
1042 2458 1157 2539 implet;

312 2543 456 2623 Quidquid
477 2545 586 2621 idest,
610 2546 647 2607 de
669 2562 727 2624 quo
748 2545 911 2619 deliberat,
935 2554 1071 2624 supetat
1092 2541 1194 2604 urbem

311 2628 338 2686 Δ
360 2625 481 2703 Caunis,
504 2646 540 2688 an
560 2638 629 2707 post
648 2628 762 2688 nimbos
783 2638 813 2689 et
831 2628 949 2689 fulmina
970 2638 1072 2689 cautus

312 2708 494 2787 circumagat
513 2712 640 2771 madidas
662 2730 679 2772 a
699 2720 875 2790 tempestate
893 2713 1041 2773 cobortes.
1068 2759 1069 2762 ,

312 2791 452 2866 Quantum
473 2795 517 2853 vis
539 2796 694 2873 stipulare,
718 2804 748 2855 et
768 2795 899 2873 protinus
921 2796 1044 2874 accipe,
1067 2794 1144 2873 quod
1165 2793 1216 2869 do,
1246 2802 1301 2857 155
1401 2807 1402 2816 ’

310 2875 349 2935 Ut
370 2878 457 2937 toties
474 2877 554 2939 illum
574 2888 659 2957 pater
680 2878 827 2939 audiat-
839 2877 913 2939 baec
933 2879 982 2939 alii
1002 2897 1057 2939 sex

310 2958 367 3021 Vel
386 2960 488 3039 plures
510 2978 566 3021 uno
587 2962 769 3023 conclamant
788 2979 841 3022 ore
861 2962 1011 3040 sophistae

311 3042 349 3103 Et
368 3062 454 3104 veras
475 3046 583 3122 agitant
605 3046 688 3122 lites,
711 3055 830 3124 raptore
855 3046 976 3118 relicto;

310 3126 387 3187 Fusa
408 3146 519 3189 venena
540 3129 645 3205 silent,
667 3129 758 3190 malus
778 3132 966 3206 ingratusque
985 3129 1114 3201 maritus,

310 3210 348 3270 llt
366 3228 439 3289 quae
462 3213 518 3271 iam
538 3222 657 3273 veteres
676 3221 778 3275 sanant
796 3214 933 3273 mortaria
954 3227 1072 3271 caecos.
1246 3218 1304 3274 170

310 3292 391 3371 Ergo
409 3294 464 3354 sibi
485 3294 564 3356 dabit
583 3298 648 3375 ipse
666 3296 784 3371 rudem,
805 3296 830 3354 si
851 3303 951 3355 nostra
967 3294 1126 3356 movebunt

313 3375 457 3454 Consilia,
479 3388 508 3439 et
528 3381 605 3440 vitae
626 3380 772 3441 diversum
789 3380 846 3437 iter
868 3377 1059 3455 ingredietur,
1248 3374 1255 3379 “

311 3460 357 3520 Ad
378 3479 502 3540 pugnam
524 3465 573 3542 qui
591 3462 736 3523 rbetorica
758 3462 909 3522 descendit
930 3461 967 3523 ab
988 3462 1099 3538 umbra,

312 3544 457 3606 Summula
479 3565 515 3606 ue
536 3555 654 3625 pereat,
678 3565 734 3625 qua
754 3546 822 3607 vilis
842 3554 957 3605 tessera
977 3547 1058 3607 venit

311 3624 472 3697 Frurnenti;
493 3632 600 3709 quippe
622 3630 697 3691 baec
717 3646 833 3688 merces
855 3630 1023 3690 lautissima.
1069 3628 1201 3707 Tempta,
1247 3636 1303 3694 175

313 3707 522 3790 Chrysogonus
545 3716 642 3792 quanti
664 3714 770 3775 doceat
789 3713 838 3773 vel
856 3712 950 3775 Pollio
972 3716 1070 3790 quarm
