3050 4484
302 471 392 522 mn
691 471 900 521 massano.

301 616 461 688 mundone
473 616 647 672 emendandum
664 625 715 682 cst,
733 625 761 672 ut
770 635 796 671 n.
808 621 856 680 75.
874 619 899 672 iu
915 635 964 689 quo
979 627 1039 675 tuuc
1048 628 1150 690 iateque
1158 620 1284 692 vulgarum

300 702 428 756 lectionem
439 700 603 772 sequebamur,
616 702 663 755 iarn
674 716 730 756 cum
740 701 822 756 labuio
837 702 944 756 lleroerii
955 704 1074 758 medelam
1084 704 1187 773 amplexi
1197 703 1282 761 Ombi-

300 793 378 840 urum
396 791 421 838 et
432 783 606 856 Tentyritamm
630 791 710 854 partes
726 792 903 854 permutemus,
926 802 1048 858 quumque
1064 787 1119 842 illos
1133 789 1283 844 mocedilum

301 869 416 932 coluisse,
428 868 473 924 lros
483 868 648 938 perbornnisse
660 876 753 923 certum
762 870 809 931 sit,
821 869 917 924 illorum
926 872 1009 940 potius
1019 871 1084 925 mem
1096 870 1184 925 mcum
1194 872 1224 925 ab
1235 873 1281 935 bis,

299 966 348 1006 non
365 950 451 1007 bonum
473 951 561 1008 abillis
575 949 697 1006 turbatum
712 967 791 1022 neque
801 950 911 1006 Ombiias
924 969 938 1006 a
949 953 1080 1024 Tentyritis
1091 954 1134 1010 sed
1147 954 1283 1026 Tentyncas

300 1034 329 1089 ab
337 1033 440 1090 Ombitis
451 1036 548 1107 fugatos
559 1049 612 1090 asse
622 1041 769 1096 statuamus:
782 1037 816 1090 iia
825 1051 883 1090 nero
892 1037 964 1091 otiam
975 1037 1121 1107 probabilior
1131 1043 1216 1107 poetae
1226 1053 1282 1094 nar·

299 1119 359 1174 ratio
371 1119 465 1182 existet,
477 1135 522 1190 qna
535 1125 661 1190 postquam
672 1120 807 1174 uniuersam
813 1119 987 1191 Aegyptiarum
1003 1121 1148 1193 religionum
1164 1123 1280 1178 insaniam

298 1203 438 1268 notantis.
451 1210 511 1260 1—
520 1205 582 1271 26),
600 1208 723 1257 cruentam
733 1203 810 1256 nram
828 1217 859 1256 ex
870 1204 961 1258 muniis
976 1203 1185 1260 earundem-odiis
1199 1207 1281 1260 oriuu·

299 1286 353 1340 dam
364 1287 461 1356 exponit
473 1287 508 1352 (u.
518 1289 552 1343 27
560 1289 623 1344 -7
626 1289 671 1354 6).
692 1287 760 1342 cuius
771 1285 812 1340 bic
822 1288 901 1342 exitus
911 1287 997 1348 fuerit,
1010 1295 1038 1342 ut
1047 1289 1152 1355 uictores
1161 1300 1237 1343 unum
1249 1305 1280 1344 ex

300 1369 374 1434 victis,
390 1385 461 1440 quern
471 1371 552 1424 vivum
562 1369 690 1439 cepissent,
705 1370 817 1425 mundius
827 1372 877 1426 suis
888 1370 1036 1441 discerptum
1046 1372 1186 1430 devorarent
1197 1374 1233 1439 (r.
1244 1377 1277 1430 77

298 1455 393 1522 κῆ)
412 1468 486 1526 eaque
497 1469 523 1508 re
534 1454 627 1509 lacinus
645 1453 755 1519 ederent,
775 1456 815 1508 cui
832 1454 961 1510 simdevin
977 1457 1082 1510 terarum
1099 1457 1209 1528 gentium
1226 1469 1278 1509 me

297 1538 372 1590 moria
390 1537 513 1594 dirissimis
529 1536 679 1608 temporibus
695 1544 778 1596 nosset
799 1539 835 1604 (v.
852 1542 1021 1608 93-115),
1037 1538 1278 1594 humanitatemvero

297 1620 369 1691 quod.
379 1621 457 1692 magis
473 1621 573 1676 violaret
589 1622 688 1676 inveniri
707 1622 766 1679 nibil
786 1631 868 1691 posset
891 1622 933 1687 (v.
945 1625 1132 1690 116-174).
1161 1621 1278 1676 incertior

296 1709 378 1758 sermo
388 1704 492 1759 dodone
505 1705 575 1775 origo
592 1710 640 1768 est,
659 1719 731 1776 quam
742 1707 783 1777 qui
801 1705 957 1775 explodereut
975 1705 1138 1776 luvenalisque
1154 1719 1207 1759 esse
1223 1705 1278 1758 nol·

296 1787 359 1850 lect,
379 1787 426 1842 iam
438 1787 564 1844 scholiasta
576 1789 654 1850 nouit:
667 1789 768 1844 caudam
776 1795 859 1846 umen
874 1789 1042 1845 siinoboatam
1057 1803 1110 1861 non
1117 1788 1251 1843 absolutam
1262 1803 1277 1844 a

295 1877 366 1940 poeta
377 1877 509 1927 statuamus
519 1917 525 1937 ,
537 1885 568 1926 ne
579 1872 643 1928 illins
653 1873 748 1943 quidem
759 1873 851 1944 ingenii
861 1873 970 1945 vcstig‘is
980 1887 1061 1928 carere
1071 1873 1132 1927 scite
1141 1871 1169 1928 G.
1182 1871 1277 1926 ΕΜ-

295 1953 367 2008 benis
375 1953 400 2008 in
411 1953 440 2010 Ν.
454 1955 536 2028 bucol.
549 1959 616 2013 1841
627 1956 654 2011 Τ.
666 1953 771 2020 XXXII,
784 1971 808 2027 p.
819 1963 872 2015 150
881 1972 933 2027 sqq.
945 1957 1118 2013 animadvertit.
1145 1957 1203 2028 Agit
1212 1955 1276 2010 enim

296 2037 326 2092 de
337 2039 470 2094 commodis
479 2041 541 2094 ritae
551 2039 673 2106 militaris,
688 2041 730 2095 sed
741 2041 775 2094 ita
785 2047 813 2095 ut
823 2042 885 2096 inter
894 2041 1017 2096 simumas
1027 2041 1098 2095 buius
1115 2040 1276 2109 laudcsprae·

296 2121 365 2190 cipue
381 2121 438 2176 iuris
456 2124 605 2194 iniquitatem
622 2124 754 2188 describat,
774 2140 821 2196 qua
838 2125 926 2195 pagani
944 2139 1001 2178 cum
1018 2124 1135 2179 mdiu'bus
1145 2124 1276 2194 comparati

294 2204 475 2278 premebantur:
486 2207 550 2278 quod
561 2207 607 2262 nisi
614 2209 667 2280 quis
680 2209 768 2264 tironis
778 2210 999 2266 mentionemr.3a
1008 2208 1165 2278 mampoetae
1174 2222 1275 2277 persono

293 2292 421 2347 abhorrere
439 2291 570 2357 censuerit,
593 2306 671 2362 neque
686 2293 709 2346 in
727 2299 872 2364 argumento
893 2307 973 2362 neque
988 2292 1013 2346 in
1029 2293 1178 2362 singularum
1193 2305 1275 2346 rerum

292 2377 435 2432 tractatione
446 2375 575 2448 quidpiam
586 2376 702 2442 inveniet,
715 2376 780 2447 quod
791 2376 863 2432 scribi
877 2374 907 2430 ab
923 2375 972 2430 boc
981 2377 1089 2445 potirisse
1100 2383 1165 2429 recte
1175 2382 1258 2446 neget.

377 2459 494 2515 luvenalis
511 2459 596 2515 satiras
607 2460 760 2531 sequentibus
778 2475 873 2531 qnoque
885 2459 973 2514 secedis
990 2460 1107 2528 placuisse
1118 2459 1207 2528 insigni
1217 2459 1274 2511 Arn-

294 2543 365 2597 miani
376 2541 506 2600 Marcellini
517 2543 654 2598 testimonio
666 2544 851 2614 cognoscimus,
863 2544 903 2613 qui
913 2541 1019 2596 XXVlll.
1030 2546 1049 2597 4
1063 2541 1101 2596 nel
1113 2542 1153 2611 qui
1169 2541 1274 2611 alioquin

294 2625 416 2680 dodones
431 2633 457 2681 nt
467 2643 557 2682 coacto
567 2628 750 2690 demerendo,
767 2624 900 2680 deenen
915 2623 1052 2680 odim
1061 2622 1193 2678 noenum
1203 2641 1273 2679 oero-

293 2709 353 2765 ticre
363 2709 442 2765 studio
454 2710 531 2782 lepore
540 2718 632 2773 namet,
651 2709 717 2764 onim
737 2709 856 2763 mnemia
868 2714 967 2779 praeter
980 2707 1038 2761 ltncc
1055 2707 1082 2760 in
1088 2707 1213 2779 propiando
1226 2709 1274 2762 otio

293 2801 475 2858 monocerotem
492 2809 537 2849 nee
553 2795 574 2849 si
590 2793 634 2848 lios
651 2795 715 2866 idem
733 2792 880 2861 turpitudine
897 2791 977 2860 potius
994 2797 1193 2862 argumentorum
1210 2791 1274 2846 allici

293 2877 413 2948 significat
425 2877 508 2951 (pum
518 2877 546 2932 od
556 2893 659 2940 emnam
670 2893 718 2930 non
729 2875 836 2930 irminolt
846 2882 881 2930 est
890 2875 989 2942 neoni),
1003 2875 1062 2929 alios
1073 2877 1194 2930 macrino
1204 2876 1275 2929 linum

288 2961 404 3034 pudorem
424 2962 448 3017 in
466 2977 495 3018 ec
507 2961 653 3016 desiderasse
669 2959 774 3014 ostendit
792 2957 866 3013 Rutil.
878 2957 972 3013 Namat.
984 2957 1064 3016 itiner.
1083 2958 1101 3013 l.
1113 2962 1180 3018 cot:
1197 2960 1273 3013 immo

292 3059 323 3100 nc
331 3047 398 3100 taciti
408 3046 503 3117 quidem
515 3044 618 3098 nominis
630 3043 797 3098 auctoritatem
815 3042 921 3097 eruditos
931 3041 1025 3113 iugissc
1035 3041 1171 3097 Macrobius
1183 3044 1271 3114 arguit,

292 3128 424 3200 quiSomn.
435 3127 550 3198 Scip.l.8
560 3127 667 3182 decimae
676 3127 762 3181 satirae
772 3125 844 3180 verba
854 3128 947 3180 omont
956 3127 1037 3190 baon,
1052 3125 1202 3197 epictnidil
1210 3134 1273 3181 tam

292 3229 363 3284 quam
374 3213 448 3284 vulgo
464 3219 521 3266 nota
532 3215 646 3280 usurpat:
657 3217 732 3280 utqrre
743 3211 914 3282 grammaticos
924 3210 1026 3273 mittam,
1038 3211 1112 3264 etiam
1122 3210 1202 3265 medio
1213 3225 1273 3265 aero

292 3310 365 3366 quum
382 3295 411 3350 ab
429 3294 481 3348 aliis
496 3293 665 3364 scriptoribus,
686 3293 751 3350 Reda
761 3293 908 3360 Venerabili,
926 3293 1085 3363 liutprando,
1105 3293 1196 3348 ddamo
1212 3294 1273 3348 Bre-

292 3379 367 3434 mensi
378 3378 467 3448 passim
477 3377 592 3440 laudatur,
605 3383 657 3432 tum
669 3393 682 3432 a
692 3377 781 3432 loannc
789 3377 957 3445 Sarisbcriensi
972 3377 1006 3432 ita
1016 3378 1232 3443 ferememoratur,
1244 3384 1273 3433 ut

291 3462 393 3531 simplici
414 3460 483 3516 edrici
500 3462 597 3516 nomine
607 3462 683 3533 vrdgo
705 3469 791 3517 notum
806 3462 881 3517 luisse
896 3462 1069 3533 intelligamus.
1102 3460 1190 3516 Verum
1206 3462 1270 3514 enim

290 3559 347 3598 vero
359 3545 404 3599 bos
411 3559 495 3599 omncs
505 3559 554 3600 non
563 3559 734 3618 usquequaque
741 3545 977 3603 eundernrcrbomm
985 3552 1094 3600 tenorem
1103 3545 1200 3616 legisse,
1212 3559 1272 3614 qua·

290 3627 320 3682 lis
336 3641 366 3682 cx
377 3635 463 3697 poetae
473 3629 733 3700 manibusprodiisset,
751 3631 824 3686 cortis
839 3631 949 3701 vestigiis
966 3636 1073 3691 constan
1090 3643 1152 3700 quae
1168 3627 1272 3682 dubitari

290 3725 339 3766 non
350 3709 431 3767 sinunt
443 3713 499 3784 quin
516 3714 588 3790 etium
604 3722 698 3786 praeter
715 3715 800 3772 solitos
816 3714 966 3771 librariomm
983 3727 1088 3776 errores,
1104 3726 1207 3782 quorum
1223 3711 1272 3765 iam

290 3793 470 3866 palimpsestum
493 3800 649 3873 antiquissimi
666 3800 755 3858 codids
780 3801 943 3874 fragmentum
966 3797 1030 3869 apud
1046 3798 1111 3868 dog,
1133 3795 1179 3850 ilai
1193 3794 1270 3851 class
