3050 4484
286 472 329 537 ¹18
613 482 648 527 D.
667 480 737 528 luri,
754 479 940 528 Iuvmrtffls

287 623 343 696 Qui
365 620 448 681 locus
468 620 602 697 ingenio,
625 619 679 677 nisi
701 634 788 695 gurim
809 633 842 677 se
863 618 989 677 carmine
1009 617 1076 677 solo

286 706 401 765 Vexent
424 712 452 763 et
474 704 595 763 dominis
619 698 739 761 Cirrhae
761 699 918 779 Nysaeque
940 701 1071 760 feruntur

287 790 410 869 Pectora
432 796 547 862 vestra,
571 786 641 845 duas
662 802 719 843 non
743 785 920 845 admittentia
941 780 1048 844 curas?
1239 794 1274 849 65

286 872 449 963 Magnae
431 872 533 931 mentis
554 886 627 947 opos
649 886 705 927 nec
727 866 762 927 de
787 868 883 927 lodice
904 868 1032 945 paranda

286 932 451 1030 Attonitae'‚
474 971 575 1014 currus
597 962 627 1011 et
648 968 740 1029 equos
761 950 912 1029 faciesque
933 952 1054 1011 deorum

287 1039 431 1116 Aspicere
467 1047 496 1097 et
518 1036 611 1115 qualis
633 1035 767 1097 Rutulum
788 1035 945 1096 confundat
965 1034 1082 1109 Erinys.

274 1116 359 1183 'Nam
382 1123 407 1180 si
426 1120 558 1197 Vergilio
580 1138 652 1197 puer
674 1128 703 1179 et
720 1118 877 1179 tolerabile
897 1119 1019 1179 deesset

286 1206 463 1283 Hospitium,
487 1204 625 1263 caderent
648 1220 748 1262 omues
771 1220 788 1261 a
812 1202 938 1261 crinibus
961 1202 1059 1276 hydri3
1241 1211 1277 1269 70

286 1290 379 1351 Surda
402 1287 471 1347 nihil
493 1296 625 1364 gemeret
642 1304 733 1364 grave
752 1284 890 1351 bucciua;
914 1286 1061 1363 poscimus
1070 1317 1081 1360 ‚·
1102 1293 1133 1343 ut
1154 1287 1191 1345 sit

286 1373 352 1432 Non
373 1374 466 1431 minor
487 1371 602 1449 antiquo
624 1370 778 1431 Rubrenus
799 1368 899 1446 Lappa
923 1368 1074 1443 cothurno,

287 1455 376 1517 Gaius
399 1464 428 1515 et
449 1454 583 1514 alveolos
607 1463 637 1514 et
658 1454 771 1514 laenam
791 1454 925 1530 pignerat
946 1449 1076 1513 Atreus?
1108 1490 1111 1494 -

286 1540 352 1601 Non
374 1538 463 1599 babet
485 1538 586 1598 infelix
607 1537 755 1611 Numitor,
779 1537 858 1614 qnod
880 1538 971 1596 mittat
992 1538 1104 1597 arrico:
1168 1586 1171 1590 ,

288 1623 445 1698 Quintillae
465 1623 543 1701 quod
564 1622 670 1697 donet,
693 1620 797 1687 habet;
820 1638 877 1679 nec
899 1620 990 1679 defuit
1008 1620 1060 1693 illi,
1243 1628 1278 1682 75
1406 1633 1408 1664 ⁴

286 1707 370 1767 Unde
394 1715 504 1765 emeret
523 1704 610 1765 multa
633 1705 811 1783 pascendum
833 1722 920 1763 carne
941 1704 1058 1764 leonem

287 1790 346 1851 lam
368 1790 521 1849 domitum:
543 1798 655 1848 constat
677 1789 782 1847 leviori
803 1788 901 1847 bellua
924 1797 1037 1865 sumptu
1066 1826 1069 1830 -

287 1874 440 1947 Nimirum,
464 1882 493 1931 et
514 1874 629 1950 capiunt
648 1872 714 1949 plus
734 1873 869 1931 intestina
890 1880 1008 1948 poetae

289 1957 448 2018 Contentus
471 1956 546 2015 lama
568 1957 664 2015 iaceat
685 1954 846 2015 Lucanus'
838 1974 866 2014 ιιι
887 1955 980 2015 bortis

288 2040 475 2101 Marmoreis:
500 2048 529 2099 at
548 2040 674 2099 Serrano
696 2041 833 2117 tenuique
853 2039 953 2099 Saleio
1244 2047 1282 2101 80
1407 2041 1408 2106 i

290 2124 388 2199 Gloria
411 2103 589 2204 quantalibet
612 2124 679 2202 quid
698 2125 768 2199 erit,
791 2126 817 2182 si
840 2123 935 2199 gloria
957 2130 1065 2181 tantum
1086 2119 1151 2182 est?

291 2208 419 2267 Curritur
441 2208 477 2267 ad
496 2224 599 2267 vocem
621 2207 773 2267 ineundam
795 2216 825 2266 et
846 2224 963 2265 carmen
984 2207 1095 2267 amicae

290 2292 476 2367 Thebaidos,
498 2289 602 2352 laetam
624 2308 709 2369 quum
730 2291 802 2350 iecit
823 2291 931 2349 Statius
953 2288 1055 2349 urbem

290 2376 483 2453 Promisitque
499 2368 591 2435 diem?
614 2384 692 2435 tanta
715 2374 869 2435 dulcedine
891 2383 994 2451 captos
1303 2447 1309 2455 ι

291 2459 392 2518 dilicit
412 2460 464 2519 ille
486 2461 611 2533 animos,
634 2466 770 2536 tantaque
792 2457 911 2519 libidine
932 2456 1012 2533 vulgi
1243 2465 1279 2518 85

291 2543 427 2611 Auditum
451 2544 503 2603 sed
525 2562 612 2621 quum
634 2542 722 2618 iregit
743 2541 884 2601 subsellia
905 2559 1002 2614 versu,

292 2626 407 2703 Esurit‚
430 2628 564 2686 intactam
585 2625 679 2685 Paridi
700 2627 755 2683 nisi
776 2625 874 2684 vendit
894 2625 1027 2701 Agaven.

292 2711 345 2771 llle
369 2720 398 2769 et
416 2711 534 2769 militiae
554 2709 650 2767 multis
672 2708 794 2784 largitus
814 2708 954 2767 bonorem

293 2794 453 2855 semenstri
476 2793 583 2869 digitos
605 2800 701 2851 vatum
725 2791 906 2868 circumligat
928 2808 1010 2851 auro

294 2877 379 2951 Quod
400 2894 458 2935 non
480 2876 547 2935 dant
569 2893 728 2953 proceres,
750 2874 832 2935 dabit
849 2876 966 2936 histrio:
988 2884 1018 2935 tu
1037 2872 1207 2934 Camerinos
1245 2883 1282 2937 90

293 2958 330 3021 Et
350 2960 488 3045 baneam,
510 2968 540 3019 tu
559 2959 698 3019 nobilium
719 2978 822 3037 magna
843 2962 916 3020 atria
938 2955 1044 3020 curas?

293 3022 463 3104 Praefectos
482 3043 611 3121 Pelopea
634 3042 718 3118 iacit
743 3043 903 3103 Philomela
925 3043 1064 3103 tribunos.

293 3127 375 3189 llaud
396 3136 491 3186 tamen
513 3127 651 3186 invideas
664 3130 739 3203 vati,
762 3146 849 3207 quem
870 3127 980 3205 pulpita
1002 3134 1134 3202 pascunt.

295 3211 367 3285 Quis
383 3210 438 3269 tibi
453 3208 624 3284 Maecenas,
645 3213 708 3289 quis
733 3230 809 3271 nunc
831 3213 885 3271 erit
901 3219 950 3271 aut
971 3207 1143 3268 Proculeius

295 3294 353 3353 hut
373 3290 499 3353 Fabius?
521 3295 585 3373 quis
608 3292 693 3355 Cotta
714 3298 833 3369 iterum,
856 3295 920 3371 quis
940 3290 1079 3351 Lentulus
1098 3288 1194 3353 alteri
1245 3300 1282 3355 95

295 3378 376 3437 Tunc
395 3396 447 3456 par
469 3378 586 3478 ingenio
608 3382 744 3457 pretium;
768 3388 837 3437 tunc
859 3376 929 3435 utile
950 3374 1046 3435 multis

295 3461 410 3521 Pallene
432 3471 461 3524 et
482 3465 578 3523 vinum
597 3471 658 3523 toto
679 3464 796 3521 nescire
818 3459 984 3520 Decembri

336 3544 443 3605 Vester
462 3564 551 3625 porro
572 3546 655 3606 lobon
676 3544 844 3618 secundior,
865 3544 1048 3606 historiarum

295 3624 485 3708 Scriptores?
506 3630 578 3709 petit
598 3628 645 3689 bic
667 3628 732 3706 plus
753 3629 1001 3706 temperiemque
1023 3629 1083 3689 olei
1104 3626 1185 3706 plum
1228 3669 1232 3677 .

294 3712 382 3775 Nullo
402 3716 510 3793 quippe
529 3712 616 3772 modo
637 3712 790 3773 millesima
811 3715 916 3793 pagina
937 3714 1041 3790 surgit
1229 3720 1284 3772 10⁰
