3050 4484
296 444 337 506 34
640 457 977 508 o.1uu.1uvnunu1s
1041 498 1045 506 ,

295 596 354 658 lam
377 595 490 672 senior,
515 597 595 656 cuins
617 595 737 656 barbam
757 604 804 656 tua
827 597 910 657 ianua
926 597 1011 658 vidit.
1228 614 1281 668 πη

296 679 435 740 Testandi
455 696 541 758 quum
557 679 599 739 vsit
621 679 774 740 lenonibus
797 687 883 758 atque
900 680 1016 741 lanistis

294 763 425 824 Libertas
450 772 479 822 et
500 763 570 822 iuris
591 761 667 823 idem
689 765 837 839 contingat
858 781 977 839 arenae,

295 847 361 906 Non
382 865 453 906 uuus
469 845 522 904 tibi
541 845 642 906 rivalis
664 846 820 908 dictabitur
840 846 939 907 hares.
961 877 1005 890 -·

294 929 373 990 Pone
397 947 513 990 crucem
535 945 632 989 servo.
656 963 698 976 --
717 929 823 990 Metuit
846 946 905 1008 quo
927 931 1047 993 erimine
1069 950 1175 993 servus

294 1010 493 1092 Supplicium?
520 1014 584 1091 quis
605 1015 690 1074 testis
712 1011 817 1074 adest‘i
840 1016 905 1093 quis
926 1011 1050 1077 detulit?
1071 1016 1149 1092 audi,
1227 1027 1280 1082 i‘to

293 1097 379 1158 Nulla
405 1115 537 1176 umquam
559 1095 596 1156 de
618 1106 711 1156 morte
734 1097 857 1157 hominia
883 1099 1027 1158 cunctatio
1053 1098 1216 1176 longeest
1239 1135 1281 1146 -

277 1178 318 1240 ὶΟ
341 1181 476 1257 demens,
499 1181 538 1240 ita
554 1197 665 1240 servus
686 1179 774 1240 homo
797 1177 863 1240 est?
889 1181 1073 1258 militauerit,
1097 1191 1177 1242 esto:

292 1263 464 1339 noevum,
489 1265 532 1324 sic
553 1262 657 1338 iubeo,
681 1265 719 1322 sit
740 1281 796 1341 pro
818 1265 930 1324 ratione
952 1265 1095 1326 uoluntas.

293 1348 419 1426 Imperat
440 1363 513 1426 ergo
534 1348 615 1416 viro;
639 1347 692 1406 sed
713 1363 783 1408 mox
803 1346 879 1409 haec
901 1366 992 1424 regna
1013 1350 1151 1428 relinquit

293 1432 497 1510 Permutatque
519 1431 621 1492 domos
645 1439 675 1490 et
696 1431 828 1494 flammea
849 1434 988 1500 couterit;
1010 1433 1076 1492 inde
1227 1445 1281 1498 aaa

292 1516 400 1575 Avolat
424 1524 453 1574 et
474 1516 564 1593 spreti
581 1515 696 1592 repetit
717 1515 843 1590 vestigia
863 1515 943 1574 lecti.

276 1597 416 1660 -Omatns
437 1598 525 1676 paulo
545 1607 610 1658 ante
630 1597 730 1674 fores,
754 1598 912 1676 pendentia
933 1599 1036 1677 linquit

292 1681 366 1742 Vela
388 1681 490 1741 domus
515 1690 544 1754 et
569 1680 662 1742 adhuc
684 1681 794 1741 virides
815 1681 844 1739 in
865 1681 962 1741 limine
983 1701 1089 1744 ramos.

170 1815 175 1828 ,
293 1766 342 1825 Sic
365 1765 473 1824 crescit
493 1781 645 1838 numerus,
669 1765 712 1823 sic
736 1765 806 1825 liuut
830 1773 898 1824 octo
921 1767 1015 1824 mariti
1144 1819 1147 1824 .

293 1847 427 1927 Quinque
450 1865 505 1926 per
527 1856 693 1923 autumnos,
715 1847 797 1907 titulo
818 1865 866 1908 res
880 1849 977 1926 digua
997 1850 1135 1930 sepulcri.
1225 1859 1282 1916 tao

334 1930 525 2009 Desperanda
540 1931 603 1990 tihi
625 1931 706 1992 salva
729 1931 886 1992 eoncordia
908 1949 1005 1994 socru.
1035 1938 1041 1951 ⁴

291 2014 346 2076 Illa
369 2015 457 2075 docet
478 2014 670 2102 spoliisunudi
692 2015 823 2091 gaudere
844 2016 951 2083 mariti;

291 2098 345 2160 llla
370 2099 459 2159 docet
481 2099 577 2158 missis
599 2117 616 2158 a
639 2106 813 2176 corruptore
837 2097 956 2159 tabellis

290 2181 339 2242 Nil
361 2182 433 2242 rude
456 2199 512 2242 uec
535 2181 660 2261 simplex
680 2181 862 2247 rescribere
885 2182 995 2260 decipit
1016 2181 1067 2242 illa

293 2263 438 2326 Custodes
460 2274 508 2326 aut
529 2284 598 2326 aere
615 2265 729 2328 *domam
753 2273 822 2324 tuuc
845 2281 971 2343 corpore
994 2283 1064 2331 sano
1226 2275 1281 2330 235

291 2349 426 2410 Advocat
447 2349 636 2426 Archigenen
658 2365 843 2426 onerosaque
864 2348 954 2428 pallia
977 2350 1073 2410 iactat.

292 2433 415 2493 Abditus
436 2433 548 2494 interea
570 2433 641 2494 latet
662 2442 691 2492 et
713 2441 845 2492 secretus
867 2432 991 2507 adulter,

292 2516 507 2596 Impatiensque
529 2533 629 2576 morae
653 2516 720 2580 silet
741 2525 772 2576 et
791 2518 943 2594 praeputia
964 2516 1051 2576 ducit.

264 2667 267 2674 ,
293 2600 414 2660 Scilicet
439 2609 613 2678 exspectas,
637 2608 666 2658 ut
684 2601 778 2660 tradat
798 2609 890 2659 mater
911 2599 1053 2660 honestos

291 2683 389 2761 Atque
411 2682 485 2743 alios
510 2700 624 2756 mores,
648 2701 732 2761 quam
753 2699 827 2760 quos
848 2680 959 2742 habet?
980 2683 1051 2744 utile
1072 2700 1161 2762 porro
1225 2693 1281 2749 240

291 2766 424 2826 Filiolam
443 2769 520 2844 turpi
541 2766 659 2828 vetulae
682 2765 846 2844 producere
867 2772 993 2843 turpem.

291 2849 378 2910 Nulla
400 2850 463 2910 fere
487 2869 575 2910 causa
599 2859 660 2926 est,
684 2851 712 2909 iu
734 2867 791 2926 qua
812 2865 870 2909 uon
887 2848 993 2910 lemica
1012 2850 1091 2910 litem

291 2933 425 2993 liloverit.
467 2934 597 2996 Accusat
617 2932 749 3006 Manilia,
776 2933 801 2992 s'i
823 2950 874 2992 rea
896 2950 954 2993 noo
974 2942 1029 2994 est.

293 3015 475 3095 Compouunt
495 3019 578 3096 ipsae
598 3036 652 3096 per
673 3033 706 3076 se
727 3015 909 3094 formantque
930 3015 1062 3090 libellos,

292 3101 467 3178 Principium
490 3110 577 3178 atque
600 3099 684 3160 locos
707 3096 797 3160 Celso
822 3100 932 3160 dictare
954 3107 1083 3176 paratae.
1225 3108 1279 3164 245

292 3183 483 3246 Endromidas
506 3183 609 3260 Tyrias
632 3193 661 3242 et
681 3183 836 3244 femineum
861 3199 977 3242 ceroma
1271 3194 1274 3201 ’

293 3267 366 3341 Quis
386 3265 500 3327 nescit?
522 3267 572 3328 rel
594 3269 737 3346 quianon
760 3267 832 3328 uidit
852 3265 972 3324 vulnera
996 3263 1075 3342 palii
1194 3318 1200 3339 ,
1224 3343 1228 3351 ·

286 3350 387 3425 -Quem
410 3361 494 3412 cavat
507 3351 642 3432 ‚assiduis
665 3349 784 3410 sudibus
806 3357 948 3426 scutoque
970 3347 1091 3410 lacessit

293 3436 390 3512 Atque
415 3451 518 3496 omnes
539 3435 640 3513 implet
663 3450 799 3494 numeros
822 3432 988 3508 dignissima
1013 3450 1134 3512 prorsus

293 3518 402 3580 Florali
423 3529 553 3580 matrona
575 3517 658 3591 tuba,
680 3517 734 3574 nisi
755 3516 781 3574 si
802 3516 870 3594 quid
891 3516 920 3574 iu
943 3516 994 3576 illo
1225 3525 1283 3579 lto

281 3602 505 3680 ‘Pectoreplus
527 3603 617 3678 agitat
637 3616 786 3676 veraeque
807 3608 925 3678 paratur
945 3617 1062 3663 arenae.

295 3684 387 3759 Quem
408 3693 560 3767 praestare
582 3691 681 3763 potest
702 3682 806 3747 mulier
824 3683 941 3760 galeata
959 3683 1111 3764 pudorem,

1165 3877 1186 3910 l
