3050 4484
294 418 335 481 da
616 432 650 477 n.
672 430 743 477 rou.
767 427 952 477 1111111111

295 572 423 631 Alterius
448 569 586 629 conchem
609 569 710 628 aestivi
733 588 796 630 curn
817 577 900 647 parte
926 566 1028 625 lacerti

231 648 233 656 ’
296 656 442 730 signatam
462 654 510 712 vel
533 650 647 712 dimidio
668 655 803 731 putrique
825 653 926 725 siluro,

295 737 416 815 Filaque
443 738 545 796 sectivi
567 746 711 795 numerata
734 737 883 796 includere
905 734 1000 812 porri:

295 821 432 881 Invitatus
459 818 587 880 adhaec
609 820 711 897 aliquis
734 820 771 879 de
792 828 880 898 ponte
901 816 1029 894 negabit.

296 905 364 964 Sed·
377 898 434 981 quo
457 903 569 962 divitias
592 903 666 963 baec
686 922 739 981 per
761 912 902 963 tormenta
925 909 1055 975 coactas,
1224 905 1274 963 135
1375 873 1397 965 ,³

296 988 389 1061 Quum
410 987 491 1045 furor
513 986 586 1045 haud
608 986 726 1063 dubiuS,
750 1006 835 1064 quum
857 987 894 1044 sit
913 984 1063 1043 manifesta
1089 984 1252 1063 phrenesis,

294 1070 332 1130 Ut
349 1070 483 1148 locuples
510 1072 666 1147 moriariss
681 1072 795 1146 egentis
817 1071 918 1130 vivere
940 1064 1022 1127 lato?

295 1154 408 1214 Interea
431 1153 518 1231 pleno
543 1172 628 1231 quum
650 1163 746 1231 turget
765 1152 900 1213 sacculus
923 1168 986 1226 ore,

296 1234 410 1296 Crescit
436 1254 516 1296 amor
539 1238 659 1313 nummi,
686 1246 821 1316 quantum
841 1238 906 1314 ipsa
924 1235 1049 1313 pecunia
1071 1236 1174 1310 crevit,

295 1320 332 1379 Et
353 1323 443 1379 minus
467 1322 541 1380 banc
569 1330 648 1399 optat
673 1323 799 1399 quinon
823 1319 919 1380 babet.
953 1317 1032 1395 Ergo
1055 1326 1172 1396 paratur
1225 1326 1276 1380 llo

294 1404 396 1463 Altera
419 1404 487 1463 villa
509 1404 575 1479 tibi,
599 1422 683 1481 quum
705 1422 754 1463 rus
776 1422 834 1463 non
855 1404 963 1463 suflicit
985 1420 1079 1478 unum,

293 1486 331 1545 Et
352 1486 487 1564 prolerre
510 1486 581 1546 libet
603 1488 689 1563 lines,
712 1488 861 1565 maiorque
883 1487 998 1546 videtur

294 1569 332 1629 Et
353 1571 456 1629 melior
477 1572 572 1629 vicina
595 1589 698 1647 seges:
721 1572 860 1630 mercaris
883 1580 913 1630 et
934 1570 1008 1629 hanc
1030 1579 1060 1629 et

293 1653 419 1712 Arbusta
444 1662 473 1713 et
495 1656 584 1715 densa
611 1664 737 1713 montem
762 1657 810 1732 qui
833 1664 917 1715 canet
940 1654 1028 1713 oliva.
1082 1701 1084 1706 .

295 1735 423 1809 Quorum
447 1738 472 1795 si
494 1739 588 1815 pretio
611 1738 741 1797 dominus
760 1755 819 1797 non
840 1740 963 1797 vincitur
985 1737 1055 1813 utto,
1227 1746 1277 1799 115

293 1818 387 1878 Nocte
411 1818 504 1879 boves
529 1822 618 1879 maeri
639 1822 778 1898 lassoque
799 1821 932 1881 famelica
955 1820 1033 1880 collo

293 1902 421 1963 lumenta
442 1904 477 1963 ad
497 1904 604 1964 virides
626 1904 707 1965 buius
730 1906 876 1981 mittentur
898 1907 1016 1972 aristas;

293 1985 356 2046 Nec
378 1988 457 2065 prius
477 1988 543 2049 inde
568 1988 696 2063 domum,
721 2007 805 2066 quam
826 1971 1020 2049 tota'novalia
1042 2004 1148 2047 saevos

294 2070 326 2129 ln
347 2079 463 2130 ventres
487 2072 605 2147 abeant,
629 2082 660 2131 ut
681 2074 791 2132 credas¹
806 2072 930 2132 falcibus
954 2080 1058 2134 aetum.
1240 2123 1243 2128 .

293 2154 400 2213 Dicere
421 2157 470 2213 vin
490 2158 602 2233 possis,
634 2174 717 2235 quam
742 2156 912 2215 multitalia
936 2155 1064 2233 plorent,
1224 2164 1280 2217 150

293 2237 330 2297 m
353 2247 422 2315 quot
444 2240 563 2298 venales
586 2242 686 2299 iniuria
709 2240 813 2299 iecerit
836 2257 934 2317 agros.

294 2322 353 2381 Sed
377 2324 424 2399 qui
445 2340 611 2399 sermones,
636 2341 720 2401 quam
741 2323 847 2383 foedae
866 2322 989 2383 buccina
1009 2322 1117 2383 lamae!
1134 2358 1177 2368 -

294 2401 369 2478 Quid
392 2416 479 2466 nocet
500 2404 594 2467 baec?
615 2410 719 2486 inquit;
741 2409 866 2468 tunicam
888 2406 956 2467 mibi
978 2407 1054 2467 malo
1077 2407 1177 2485 lupini,

293 2488 385 2562 Quam
407 2492 431 2549 si
457 2508 502 2549 me
527 2500 588 2551 toto
616 2492 713 2551 laudet
736 2493 842 2552 vicinia
868 2509 946 2569 pago

292 2571 402 2649 Exigui.
420 2576 494 2633 ruris
519 2576 692 2652 paucissima
715 2575 794 2635 farra
817 2584 975 2635 secantem.
990 2611 1033 2625 -—
1086 2598 1089 2602 ·
1226 2584 1279 2637 155

293 2656 414 2715 Scilicet
441 2667 470 2715 et
492 2658 599 2718 morbis
620 2667 650 2717 et
672 2658 822 2718 debilitate
845 2659 971 2733 carebis,

292 2737 329 2797 Et
352 2739 458 2799 luctum
482 2750 510 2800 et
533 2758 629 2801 curam
652 2740 793 2818 effugies,
817 2750 846 2801 et
869 2751 1000 2820 tempora
1022 2743 1120 2805 vitae.

292 2821 391 2899 Longa
413 2823 463 2883 tibi
486 2825 609 2903 posthac
629 2825 688 2885 iato
714 2825 838 2885 meliore
859 2826 1011 2902 dabuntur,
1107 2841 1116 2849 ’

293 2907 323 2965 Si
349 2916 455 2967 tantum
477 2908 546 2969 culti
568 2909 648 2969 solus
671 2910 841 2987 possederis
862 2913 935 2988 agri,
1001 2955 1003 2960 ,

293 2989 436 3063 Quantum
458 2992 510 3051 sub
532 2992 613 3053 Tatio
634 2994 759 3073 populus
782 2994 928 3055 Romanus
951 2992 1059 3054 arabat.
1226 3002 1283 3055 151)

292 3073 360 3134 Mox
383 3077 468 3135 etiam
489 3076 589 3136 fractis
612 3086 706 3137 aetate
730 3097 765 3138 ac
788 3078 894 3138 Punica
916 3078 1010 3156 passis

292 3158 407 3219 Proelia
430 3160 479 3219 vel
501 3159 639 3236 Pyrrhum
662 3164 810 3227 immanem
834 3164 1008 3239 gladiosque
1031 3158 1180 3219 Molossos
1231 3233 1243 3247 .

293 3241 418 3303 Tandem
441 3261 495 3323 pro
518 3245 613 3305 multis
640 3248 689 3305 vix
709 3248 810 3323 iugera
832 3246 897 3305 bina
922 3244 1062 3305 dabantur

291 3326 481 3387 Vulneribus:
505 3347 618 3389 merces
642 3330 715 3389 baec
738 3331 885 3406 sanguinis
908 3338 994 3406 atque
1013 3327 1124 3387 laboris

292 3409 385 3471 Nullis
409 3414 471 3471 visa
494 3430 626 3491 umquam
648 3416 756 3473 meritis
779 3414 888 3488 minor,
910 3415 1108 3489 aut‘ingratae
1226 3419 1283 3474 155

255 3550 257 3555 .
293 3491 380 3553 Curta
404 3496 475 3555 fides
494 3490 623 3573 patriae.¹
651 3496 805 3557 saturabat
826 3496 946 3573 glebula
968 3497 1034 3557 talis

292 3576 405 3637 Patrem
428 3580 520 3657 ipsum
544 3580 712 3657 turbamque
735 3598 837 3656 casae,
860 3600 915 3659 qua
936 3580 995 3640 ieta
1016 3578 1131 3639 iacebat

292 3658 373 3743 Uxor
396 3670 425 3721 et
446 3662 568 3727 inientes
592 3663 727 3725 ludebant
749 3674 900 3743 quattuor,
924 3682 996 3723 unns
