<?xml version="1.0" encoding="UTF-8"?>
<!DOCTYPE html PUBLIC "-//W3C//DTD XHTML 1.0 Transitional//EN"
    "http://www.w3.org/TR/xhtml1/DTD/xhtml1-transitional.dtd">
<html xmlns="http://www.w3.org/1999/xhtml" xml:lang="en" lang="en">
 <head>
  <title>
</title>
<meta http-equiv="Content-Type" content="text/html;charset=utf-8" />
  <meta name='ocr-system' content='tesseract 3.04.00' />
  <meta name='ocr-capabilities' content='ocr_page ocr_carea ocr_par ocr_line ocrx_word'/>
</head>
<body>
  <div class='ocr_page' id='page_1' title='image "./satirarumlibriq00hermgoog_0104.png"; bbox 0 0 3050 4484; ppageno 0'>
   <div class='ocr_carea' id='block_1_1' title="bbox 291 463 1067 543">
    <p class='ocr_par' dir='ltr' id='par_1_1' title="bbox 291 463 1067 543">
     <span class='ocr_line' id='line_1_1' title="bbox 291 463 1067 543; baseline -0.013 0"><span class='ocrx_word' id='word_1_1' title='bbox 291 480 333 543; x_wconf 86' lang='grc'><strong>68</strong></span> <span class='ocrx_word' id='word_1_2' title='bbox 634 485 970 537; x_wconf 78' lang='lat' dir='ltr'><strong>n.1nn.mvnnnn1s</strong></span> <span class='ocrx_word' id='word_1_3' title='bbox 1058 463 1067 479; x_wconf 77' lang='lat'><strong>⁹</strong></span> 
     </span>
    </p>
   </div>
   <div class='ocr_carea' id='block_1_2' title="bbox 202 624 1272 1215">
    <p class='ocr_par' dir='ltr' id='par_1_2' title="bbox 293 624 1004 705">
     <span class='ocr_line' id='line_1_2' title="bbox 293 624 1004 705; baseline -0.014 -14"><span class='ocrx_word' id='word_1_4' title='bbox 293 632 347 691; x_wconf 85' lang='lat' dir='ltr'><strong>llis</strong></span> <span class='ocrx_word' id='word_1_5' title='bbox 369 629 419 690; x_wconf 91' lang='lat' dir='ltr'><strong>ille</strong></span> <span class='ocrx_word' id='word_1_6' title='bbox 443 629 574 689; x_wconf 84' lang='lat' dir='ltr'><strong>adversis</strong></span> <span class='ocrx_word' id='word_1_7' title='bbox 596 624 712 705; x_wconf 63' lang='lat' dir='ltr'><strong>kenitus</strong></span> <span class='ocrx_word' id='word_1_8' title='bbox 734 627 853 704; x_wconf 87' lang='lat' dir='ltr'><strong>latoque</strong></span> <span class='ocrx_word' id='word_1_9' title='bbox 876 625 1004 698; x_wconf 79' lang='lat' dir='ltr'><strong>sinistno,</strong></span> 
     </span>
    </p>

    <p class='ocr_par' dir='ltr' id='par_1_3' title="bbox 293 707 1272 872">
     <span class='ocr_line' id='line_1_3' title="bbox 294 707 1272 791; baseline -0.009 -18"><span class='ocrx_word' id='word_1_10' title='bbox 294 714 386 787; x_wconf 80' lang='lat' dir='ltr'><strong>Quem</strong></span> <span class='ocrx_word' id='word_1_11' title='bbox 408 722 492 791; x_wconf 88' lang='lat' dir='ltr'><strong>pater</strong></span> <span class='ocrx_word' id='word_1_12' title='bbox 515 712 641 772; x_wconf 87' lang='lat' dir='ltr'><strong>ardentis</strong></span> <span class='ocrx_word' id='word_1_13' title='bbox 662 728 776 771; x_wconf 89' lang='lat' dir='ltr'><strong>massae</strong></span> <span class='ocrx_word' id='word_1_14' title='bbox 796 709 916 785; x_wconf 72' lang='lat' dir='ltr'><strong>iuligine</strong></span> <span class='ocrx_word' id='word_1_15' title='bbox 937 707 1032 785; x_wconf 90' lang='lat' dir='ltr'><strong>lippus</strong></span> <span class='ocrx_word' id='word_1_16' title='bbox 1220 720 1272 775; x_wconf 72' lang='lat' dir='ltr'><strong>lto</strong></span> 
     </span>
     <span class='ocr_line' id='line_1_4' title="bbox 293 793 1035 872; baseline -0.009 -15"><span class='ocrx_word' id='word_1_17' title='bbox 293 798 321 857; x_wconf 92' lang='lat' dir='ltr'><strong>A</strong></span> <span class='ocrx_word' id='word_1_18' title='bbox 344 795 470 857; x_wconf 79' lang='lat' dir='ltr'><strong>carbone</strong></span> <span class='ocrx_word' id='word_1_19' title='bbox 491 804 521 855; x_wconf 90' lang='lat' dir='ltr'><strong>et</strong></span> <span class='ocrx_word' id='word_1_20' title='bbox 542 793 701 872; x_wconf 83' lang='lat' dir='ltr'><strong>forcipibus</strong></span> <span class='ocrx_word' id='word_1_21' title='bbox 722 793 894 871; x_wconf 78' lang='lat' dir='ltr'><strong>gladiosque</strong></span> <span class='ocrx_word' id='word_1_22' title='bbox 915 800 1035 871; x_wconf 89' lang='lat' dir='ltr'><strong>parante</strong></span> 
     </span>
    </p>

    <p class='ocr_par' dir='ltr' id='par_1_4' title="bbox 292 875 1014 941">
     <span class='ocr_line' id='line_1_5' title="bbox 292 875 1014 941; baseline -0.011 -1"><span class='ocrx_word' id='word_1_23' title='bbox 292 878 399 941; x_wconf 88' lang='lat' dir='ltr'><strong>lncnde</strong></span> <span class='ocrx_word' id='word_1_24' title='bbox 424 889 454 939; x_wconf 83' lang='lat' dir='ltr'><strong>et</strong></span> <span class='ocrx_word' id='word_1_25' title='bbox 477 879 556 938; x_wconf 90' lang='lat' dir='ltr'><strong>luteo</strong></span> <span class='ocrx_word' id='word_1_26' title='bbox 577 876 708 937; x_wconf 84' lang='lat' dir='ltr'><strong>Vulcano</strong></span> <span class='ocrx_word' id='word_1_27' title='bbox 731 876 768 936; x_wconf 91' lang='lat' dir='ltr'><strong>ad</strong></span> <span class='ocrx_word' id='word_1_28' title='bbox 791 875 909 935; x_wconf 90' lang='lat' dir='ltr'><strong>rhetora</strong></span> <span class='ocrx_word' id='word_1_29' title='bbox 929 875 1014 933; x_wconf 84' lang='lat' dir='ltr'><strong>misit.</strong></span> 
     </span>
    </p>

    <p class='ocr_par' dir='ltr' id='par_1_5' title="bbox 202 958 1029 1036">
     <span class='ocr_line' id='line_1_6' title="bbox 202 958 1029 1036; baseline -0.007 -14"><span class='ocrx_word' id='word_1_30' title='bbox 202 964 205 969; x_wconf 79' lang='grc'><strong>’</strong></span> <span class='ocrx_word' id='word_1_31' title='bbox 335 962 480 1023; x_wconf 87' lang='lat' dir='ltr'><strong>Bellorum</strong></span> <span class='ocrx_word' id='word_1_32' title='bbox 503 963 640 1036; x_wconf 85' lang='lat' dir='ltr'><strong>exuviae,</strong></span> <span class='ocrx_word' id='word_1_33' title='bbox 663 962 769 1020; x_wconf 83' lang='lat' dir='ltr'><strong>tmncis</strong></span> <span class='ocrx_word' id='word_1_34' title='bbox 793 958 879 1018; x_wconf 77' lang='lat' dir='ltr'><strong>ailina</strong></span> <span class='ocrx_word' id='word_1_35' title='bbox 899 960 1029 1036; x_wconf 89' lang='lat' dir='ltr'><strong>tropaeis</strong></span> 
     </span>
    </p>

    <p class='ocr_par' dir='ltr' id='par_1_6' title="bbox 291 1042 1052 1120">
     <span class='ocr_line' id='line_1_7' title="bbox 291 1042 1052 1120; baseline -0.009 -14"><span class='ocrx_word' id='word_1_36' title='bbox 291 1047 396 1107; x_wconf 88' lang='lat' dir='ltr'><strong>horica</strong></span> <span class='ocrx_word' id='word_1_37' title='bbox 419 1055 448 1105; x_wconf 89' lang='lat' dir='ltr'><strong>et</strong></span> <span class='ocrx_word' id='word_1_38' title='bbox 470 1045 562 1105; x_wconf 82' lang='lat' dir='ltr'><strong>fracta</strong></span> <span class='ocrx_word' id='word_1_39' title='bbox 582 1045 620 1105; x_wconf 89' lang='lat' dir='ltr'><strong>de</strong></span> <span class='ocrx_word' id='word_1_40' title='bbox 642 1043 756 1105; x_wconf 76' lang='lat' dir='ltr'><strong>casside</strong></span> <span class='ocrx_word' id='word_1_41' title='bbox 779 1042 901 1103; x_wconf 88' lang='lat' dir='ltr'><strong>buccula</strong></span> <span class='ocrx_word' id='word_1_42' title='bbox 922 1042 1052 1120; x_wconf 88' lang='lat' dir='ltr'><strong>peudens</strong></span> 
     </span>
    </p>

    <p class='ocr_par' dir='ltr' id='par_1_7' title="bbox 292 1127 1268 1215">
     <span class='ocr_line' id='line_1_8' title="bbox 292 1127 1268 1215; baseline -0.009 -26"><span class='ocrx_word' id='word_1_43' title='bbox 292 1129 331 1189; x_wconf 89' lang='lat' dir='ltr'><strong>Et</strong></span> <span class='ocrx_word' id='word_1_44' title='bbox 353 1139 462 1189; x_wconf 88' lang='lat' dir='ltr'><strong>curtum</strong></span> <span class='ocrx_word' id='word_1_45' title='bbox 482 1138 597 1189; x_wconf 87' lang='lat' dir='ltr'><strong>temone</strong></span> <span class='ocrx_word' id='word_1_46' title='bbox 619 1130 714 1205; x_wconf 80' lang='lat' dir='ltr'><strong>iugum</strong></span> <span class='ocrx_word' id='word_1_47' title='bbox 734 1128 888 1203; x_wconf 72' lang='lat' dir='ltr'>victaeque</span> <span class='ocrx_word' id='word_1_48' title='bbox 908 1127 1039 1215; x_wconf 56' lang='lat' dir='ltr'><strong>triremisx</strong></span> <span class='ocrx_word' id='word_1_49' title='bbox 1219 1136 1268 1189; x_wconf 79' lang='lat'><strong>135</strong></span> 
     </span>
    </p>
   </div>
   <div class='ocr_carea' id='block_1_3' title="bbox 263 1210 1269 1790">
    <p class='ocr_par' dir='ltr' id='par_1_8' title="bbox 295 1210 1020 1292">
     <span class='ocr_line' id='line_1_9' title="bbox 295 1210 1020 1292; baseline -0.008 -19"><span class='ocrx_word' id='word_1_50' title='bbox 295 1214 431 1291; x_wconf 87' lang='lat' dir='ltr'><strong>Aplustre</strong></span> <span class='ocrx_word' id='word_1_51' title='bbox 456 1221 485 1271; x_wconf 90' lang='lat' dir='ltr'><strong>et</strong></span> <span class='ocrx_word' id='word_1_52' title='bbox 506 1228 614 1271; x_wconf 87' lang='lat' dir='ltr'><strong>summo</strong></span> <span class='ocrx_word' id='word_1_53' title='bbox 635 1213 725 1271; x_wconf 88' lang='lat' dir='ltr'><strong>tristis</strong></span> <span class='ocrx_word' id='word_1_54' title='bbox 747 1211 878 1292; x_wconf 73' lang='lat' dir='ltr'><strong>cqptivus</strong></span> <span class='ocrx_word' id='word_1_55' title='bbox 900 1210 929 1267; x_wconf 92' lang='lat' dir='ltr'><strong>in</strong></span> <span class='ocrx_word' id='word_1_56' title='bbox 950 1227 1020 1268; x_wconf 88' lang='lat' dir='ltr'><strong>arcu</strong></span> 
     </span>
    </p>

    <p class='ocr_par' dir='ltr' id='par_1_9' title="bbox 291 1291 1063 1357">
     <span class='ocr_line' id='line_1_10' title="bbox 291 1291 1063 1357; baseline -0.006 -1"><span class='ocrx_word' id='word_1_57' title='bbox 291 1296 425 1357; x_wconf 83' lang='lat' dir='ltr'><strong>Humanis</strong></span> <span class='ocrx_word' id='word_1_58' title='bbox 445 1298 553 1355; x_wconf 90' lang='lat' dir='ltr'><strong>maiora</strong></span> <span class='ocrx_word' id='word_1_59' title='bbox 575 1295 659 1355; x_wconf 90' lang='lat' dir='ltr'><strong>honis</strong></span> <span class='ocrx_word' id='word_1_60' title='bbox 681 1294 845 1354; x_wconf 84' lang='lat' dir='ltr'><strong>ereduntur.</strong></span> <span class='ocrx_word' id='word_1_61' title='bbox 881 1291 927 1353; x_wconf 90' lang='lat' dir='ltr'><strong>Ad</strong></span> <span class='ocrx_word' id='word_1_62' title='bbox 948 1292 1006 1351; x_wconf 94' lang='lat' dir='ltr'><strong>hoc</strong></span> <span class='ocrx_word' id='word_1_63' title='bbox 1030 1310 1063 1351; x_wconf 92' lang='lat' dir='ltr'><strong>se</strong></span> 
     </span>
    </p>

    <p class='ocr_par' dir='ltr' id='par_1_10' title="bbox 263 1376 1046 1457">
     <span class='ocr_line' id='line_1_11' title="bbox 263 1376 1046 1457; baseline -0.006 -18"><span class='ocrx_word' id='word_1_64' title='bbox 263 1444 270 1453; x_wconf 53' lang='grc'><strong>,</strong></span> <span class='ocrx_word' id='word_1_65' title='bbox 291 1378 438 1440; x_wconf 87' lang='lat' dir='ltr'><strong>Romanus</strong></span> <span class='ocrx_word' id='word_1_66' title='bbox 462 1378 621 1457; x_wconf 76' lang='lat' dir='ltr'><strong>Graiusque</strong></span> <span class='ocrx_word' id='word_1_67' title='bbox 642 1386 673 1437; x_wconf 85' lang='lat' dir='ltr'><strong>et</strong></span> <span class='ocrx_word' id='word_1_68' title='bbox 697 1377 836 1437; x_wconf 88' lang='lat' dir='ltr'><strong>barbarus</strong></span> <span class='ocrx_word' id='word_1_69' title='bbox 857 1376 1046 1453; x_wconf 89' lang='lat' dir='ltr'><strong>induperator</strong></span> 
     </span>
    </p>

    <p class='ocr_par' dir='ltr' id='par_1_11' title="bbox 291 1458 968 1539">
     <span class='ocr_line' id='line_1_12' title="bbox 291 1458 968 1539; baseline -0.007 -17"><span class='ocrx_word' id='word_1_70' title='bbox 291 1463 405 1523; x_wconf 83' lang='lat' dir='ltr'><strong>Erexit:</strong></span> <span class='ocrx_word' id='word_1_71' title='bbox 430 1480 533 1522; x_wconf 89' lang='lat' dir='ltr'><strong>causas</strong></span> <span class='ocrx_word' id='word_1_72' title='bbox 556 1462 726 1522; x_wconf 83' lang='lat' dir='ltr'><strong>discriminis</strong></span> <span class='ocrx_word' id='word_1_73' title='bbox 750 1470 837 1539; x_wconf 83' lang='lat' dir='ltr'><strong>atque</strong></span> <span class='ocrx_word' id='word_1_74' title='bbox 858 1458 968 1530; x_wconf 88' lang='lat' dir='ltr'><strong>laboris</strong></span> 
     </span>
    </p>

    <p class='ocr_par' dir='ltr' id='par_1_12' title="bbox 289 1545 1269 1706">
     <span class='ocr_line' id='line_1_13' title="bbox 290 1545 1269 1620; baseline 0 -15"><span class='ocrx_word' id='word_1_75' title='bbox 290 1545 360 1606; x_wconf 89' lang='lat' dir='ltr'><strong>lnde</strong></span> <span class='ocrx_word' id='word_1_76' title='bbox 383 1545 489 1606; x_wconf 85' lang='lat' dir='ltr'><strong>habuit.</strong></span> <span class='ocrx_word' id='word_1_77' title='bbox 526 1545 618 1606; x_wconf 85' lang='lat' dir='ltr'><strong>Tanto</strong></span> <span class='ocrx_word' id='word_1_78' title='bbox 639 1546 730 1605; x_wconf 91' lang='lat' dir='ltr'><strong>maior</strong></span> <span class='ocrx_word' id='word_1_79' title='bbox 754 1545 848 1604; x_wconf 86' lang='lat' dir='ltr'><strong>lamae</strong></span> <span class='ocrx_word' id='word_1_80' title='bbox 870 1545 934 1602; x_wconf 82' lang='lat' dir='ltr'><strong>sitis</strong></span> <span class='ocrx_word' id='word_1_81' title='bbox 957 1553 1019 1617; x_wconf 88' lang='lat' dir='ltr'><strong>est,</strong></span> <span class='ocrx_word' id='word_1_82' title='bbox 1042 1560 1127 1620; x_wconf 91' lang='lat' dir='ltr'><strong>quam</strong></span> <span class='ocrx_word' id='word_1_83' title='bbox 1218 1551 1269 1606; x_wconf 75' lang='lat'><strong>140</strong></span> 
     </span>
     <span class='ocr_line' id='line_1_14' title="bbox 289 1626 1103 1706; baseline -0.004 -19"><span class='ocrx_word' id='word_1_84' title='bbox 289 1630 419 1688; x_wconf 81' lang='lat' dir='ltr'><strong>Virtutis.</strong></span> <span class='ocrx_word' id='word_1_85' title='bbox 454 1628 526 1702; x_wconf 81' lang='lat' dir='ltr'><strong>Quis</strong></span> <span class='ocrx_word' id='word_1_86' title='bbox 547 1630 621 1689; x_wconf 90' lang='lat' dir='ltr'><strong>enim</strong></span> <span class='ocrx_word' id='word_1_87' title='bbox 642 1631 775 1688; x_wconf 90' lang='lat' dir='ltr'><strong>virtutem</strong></span> <span class='ocrx_word' id='word_1_88' title='bbox 797 1626 979 1706; x_wconf 81' lang='lat' dir='ltr'><strong>amplectitur</strong></span> <span class='ocrx_word' id='word_1_89' title='bbox 1000 1628 1103 1705; x_wconf 81' lang='lat' dir='ltr'><strong>ipsam,</strong></span> 
     </span>
    </p>

    <p class='ocr_par' dir='ltr' id='par_1_13' title="bbox 290 1709 1067 1790">
     <span class='ocr_line' id='line_1_15' title="bbox 290 1709 1067 1790; baseline -0.003 -19"><span class='ocrx_word' id='word_1_90' title='bbox 290 1713 419 1771; x_wconf 86' lang='lat' dir='ltr'><strong>Praemia</strong></span> <span class='ocrx_word' id='word_1_91' title='bbox 441 1713 464 1771; x_wconf 92' lang='lat' dir='ltr'><strong>si</strong></span> <span class='ocrx_word' id='word_1_92' title='bbox 485 1709 593 1772; x_wconf 83' lang='lat' dir='ltr'><strong>tollas?</strong></span> <span class='ocrx_word' id='word_1_93' title='bbox 617 1714 736 1790; x_wconf 86' lang='lat' dir='ltr'><strong>patriam</strong></span> <span class='ocrx_word' id='word_1_94' title='bbox 758 1720 854 1771; x_wconf 90' lang='lat' dir='ltr'><strong>tamen</strong></span> <span class='ocrx_word' id='word_1_95' title='bbox 876 1710 972 1771; x_wconf 90' lang='lat' dir='ltr'><strong>ohruit</strong></span> <span class='ocrx_word' id='word_1_96' title='bbox 998 1709 1067 1770; x_wconf 85' lang='lat' dir='ltr'><strong>olim</strong></span> 
     </span>
    </p>
   </div>
   <div class='ocr_carea' id='block_1_4' title="bbox 200 1794 1016 1872">
    <p class='ocr_par' dir='ltr' id='par_1_14' title="bbox 200 1794 1016 1872">
     <span class='ocr_line' id='line_1_16' title="bbox 200 1794 1016 1872; baseline -0.002 -17"><span class='ocrx_word' id='word_1_97' title='bbox 200 1833 206 1844; x_wconf 35' lang='grc' dir='ltr'><em>κ</em></span> <span class='ocrx_word' id='word_1_98' title='bbox 290 1794 389 1855; x_wconf 85' lang='lat' dir='ltr'><strong>Gloria</strong></span> <span class='ocrx_word' id='word_1_99' title='bbox 413 1812 569 1872; x_wconf 90' lang='lat' dir='ltr'><strong>paucorum</strong></span> <span class='ocrx_word' id='word_1_100' title='bbox 590 1804 619 1853; x_wconf 90' lang='lat' dir='ltr'><strong>et</strong></span> <span class='ocrx_word' id='word_1_101' title='bbox 644 1796 735 1855; x_wconf 88' lang='lat' dir='ltr'><strong>laudis</strong></span> <span class='ocrx_word' id='word_1_102' title='bbox 756 1794 887 1871; x_wconf 82' lang='lat' dir='ltr'><strong>titulique</strong></span> <span class='ocrx_word' id='word_1_103' title='bbox 911 1794 1016 1872; x_wconf 84' lang='lat' dir='ltr'><strong>cupido</strong></span> 
     </span>
    </p>
   </div>
   <div class='ocr_carea' id='block_1_5' title="bbox 221 1877 1280 2707">
    <p class='ocr_par' dir='ltr' id='par_1_15' title="bbox 221 1877 1280 2373">
     <span class='ocr_line' id='line_1_17' title="bbox 289 1877 1280 1957; baseline 0 -20"><span class='ocrx_word' id='word_1_104' title='bbox 289 1877 511 1937; x_wconf 86' lang='lat' dir='ltr'><strong>Haesurisarris</strong></span> <span class='ocrx_word' id='word_1_105' title='bbox 535 1880 662 1937; x_wconf 88' lang='lat' dir='ltr'><strong>cinerum</strong></span> <span class='ocrx_word' id='word_1_106' title='bbox 685 1878 868 1952; x_wconf 80' lang='lat' dir='ltr'><strong>custodibus,</strong></span> <span class='ocrx_word' id='word_1_107' title='bbox 895 1878 1029 1957; x_wconf 89' lang='lat' dir='ltr'><strong>adquae</strong></span> <span class='ocrx_word' id='word_1_108' title='bbox 1104 1919 1109 1928; x_wconf 74' lang='lat'><strong>·</strong></span> <span class='ocrx_word' id='word_1_109' title='bbox 1276 1940 1280 1947; x_wconf 69' lang='grc'><strong>,</strong></span> 
     </span>
     <span class='ocr_line' id='line_1_18' title="bbox 221 1960 1267 2039; baseline -0.002 -18"><span class='ocrx_word' id='word_1_110' title='bbox 221 1970 226 1979; x_wconf 89' lang='grc'><em>“</em></span> <span class='ocrx_word' id='word_1_111' title='bbox 288 1960 477 2021; x_wconf 87' lang='lat' dir='ltr'><strong>Discutienda</strong></span> <span class='ocrx_word' id='word_1_112' title='bbox 497 1962 595 2021; x_wconf 85' lang='lat' dir='ltr'><strong>valent</strong></span> <span class='ocrx_word' id='word_1_113' title='bbox 619 1962 726 2021; x_wconf 87' lang='lat' dir='ltr'><strong>sterilis</strong></span> <span class='ocrx_word' id='word_1_114' title='bbox 748 1962 822 2022; x_wconf 91' lang='lat' dir='ltr'><strong>mala</strong></span> <span class='ocrx_word' id='word_1_115' title='bbox 847 1960 954 2021; x_wconf 89' lang='lat' dir='ltr'><strong>rohora</strong></span> <span class='ocrx_word' id='word_1_116' title='bbox 977 1962 1046 2039; x_wconf 80' lang='lat' dir='ltr'><strong>uei,</strong></span> <span class='ocrx_word' id='word_1_117' title='bbox 1216 1972 1267 2026; x_wconf 80' lang='lat'><strong>145</strong></span> 
     </span>
     <span class='ocr_line' id='line_1_19' title="bbox 291 2043 1196 2124; baseline 0 -21"><span class='ocrx_word' id='word_1_118' title='bbox 291 2043 529 2124; x_wconf 81' lang='lat' dir='ltr'><strong>Quandoquidem</strong></span> <span class='ocrx_word' id='word_1_119' title='bbox 553 2046 618 2105; x_wconf 90' lang='lat' dir='ltr'><strong>data</strong></span> <span class='ocrx_word' id='word_1_120' title='bbox 641 2054 705 2104; x_wconf 87' lang='lat' dir='ltr'><strong>snut</strong></span> <span class='ocrx_word' id='word_1_121' title='bbox 728 2046 800 2123; x_wconf 90' lang='lat' dir='ltr'><strong>ipsis</strong></span> <span class='ocrx_word' id='word_1_122' title='bbox 822 2062 938 2123; x_wconf 87' lang='lat' dir='ltr'><strong>quoque</strong></span> <span class='ocrx_word' id='word_1_123' title='bbox 959 2045 1018 2105; x_wconf 85' lang='lat' dir='ltr'><strong>iata</strong></span> <span class='ocrx_word' id='word_1_124' title='bbox 1043 2045 1196 2123; x_wconf 74' lang='lat' dir='ltr'><strong>sepulcris.</strong></span> 
     </span>
     <span class='ocr_line' id='line_1_20' title="bbox 290 2126 1139 2207; baseline 0.002 -20"><span class='ocrx_word' id='word_1_125' title='bbox 290 2126 433 2206; x_wconf 84' lang='lat' dir='ltr'><strong>Expende</strong></span> <span class='ocrx_word' id='word_1_126' title='bbox 454 2128 656 2189; x_wconf 84' lang='lat' dir='ltr'><strong>Hnnnihalem:</strong></span> <span class='ocrx_word' id='word_1_127' title='bbox 683 2138 753 2207; x_wconf 90' lang='lat' dir='ltr'><strong>quot</strong></span> <span class='ocrx_word' id='word_1_128' title='bbox 774 2128 863 2189; x_wconf 87' lang='lat' dir='ltr'><strong>libras</strong></span> <span class='ocrx_word' id='word_1_129' title='bbox 884 2131 913 2187; x_wconf 91' lang='lat' dir='ltr'><strong>in</strong></span> <span class='ocrx_word' id='word_1_130' title='bbox 934 2128 1139 2189; x_wconf 87' lang='lat' dir='ltr'><strong>duce-summo</strong></span> 
     </span>
     <span class='ocr_line' id='line_1_21' title="bbox 289 2209 1133 2291; baseline 0.001 -20"><span class='ocrx_word' id='word_1_131' title='bbox 289 2209 443 2271; x_wconf 78' lang='lat' dir='ltr'><strong>Invenies?</strong></span> <span class='ocrx_word' id='word_1_132' title='bbox 471 2210 518 2272; x_wconf 91' lang='lat' dir='ltr'><strong>hic</strong></span> <span class='ocrx_word' id='word_1_133' title='bbox 541 2222 600 2288; x_wconf 88' lang='lat' dir='ltr'><strong>est,</strong></span> <span class='ocrx_word' id='word_1_134' title='bbox 623 2230 709 2291; x_wconf 87' lang='lat' dir='ltr'><strong>quem</strong></span> <span class='ocrx_word' id='word_1_135' title='bbox 732 2229 790 2271; x_wconf 90' lang='lat' dir='ltr'><strong>non</strong></span> <span class='ocrx_word' id='word_1_136' title='bbox 813 2213 891 2290; x_wconf 89' lang='lat' dir='ltr'><strong>capit</strong></span> <span class='ocrx_word' id='word_1_137' title='bbox 911 2210 1012 2272; x_wconf 83' lang='lat' dir='ltr'><strong>Africo</strong></span> <span class='ocrx_word' id='word_1_138' title='bbox 1032 2211 1133 2273; x_wconf 80' lang='lat' dir='ltr'><strong>Mauro</strong></span> 
     </span>
     <span class='ocr_line' id='line_1_22' title="bbox 288 2294 1000 2373; baseline 0 -20"><span class='ocrx_word' id='word_1_139' title='bbox 288 2295 431 2354; x_wconf 87' lang='lat' dir='ltr'><strong>Percussa</strong></span> <span class='ocrx_word' id='word_1_140' title='bbox 454 2294 571 2356; x_wconf 85' lang='lat' dir='ltr'><strong>Oceano</strong></span> <span class='ocrx_word' id='word_1_141' title='bbox 593 2295 719 2373; x_wconf 88' lang='lat' dir='ltr'><strong>Niloque</strong></span> <span class='ocrx_word' id='word_1_142' title='bbox 743 2296 857 2355; x_wconf 85' lang='lat' dir='ltr'><strong>admota</strong></span> <span class='ocrx_word' id='word_1_143' title='bbox 879 2296 1000 2373; x_wconf 88' lang='lat' dir='ltr'><strong>tepenti,</strong></span> 
     </span>
    </p>

    <p class='ocr_par' dir='ltr' id='par_1_16' title="bbox 288 2377 1268 2541">
     <span class='ocr_line' id='line_1_23' title="bbox 288 2377 1268 2458; baseline 0.009 -23"><span class='ocrx_word' id='word_1_144' title='bbox 288 2377 398 2438; x_wconf 81' lang='lat' dir='ltr'><strong>Rursus</strong></span> <span class='ocrx_word' id='word_1_145' title='bbox 422 2378 459 2439; x_wconf 92' lang='lat' dir='ltr'><strong>ad</strong></span> <span class='ocrx_word' id='word_1_146' title='bbox 483 2379 658 2456; x_wconf 84' lang='lat' dir='ltr'><strong>Aethiopum</strong></span> <span class='ocrx_word' id='word_1_147' title='bbox 679 2380 806 2458; x_wconf 92' lang='lat' dir='ltr'><strong>populos</strong></span> <span class='ocrx_word' id='word_1_148' title='bbox 827 2380 961 2457; x_wconf 83' lang='lat' dir='ltr'><strong>altosque</strong></span> <span class='ocrx_word' id='word_1_149' title='bbox 982 2378 1163 2457; x_wconf 89' lang='lat' dir='ltr'><strong>elephantos.</strong></span> <span class='ocrx_word' id='word_1_150' title='bbox 1215 2393 1268 2446; x_wconf 80' lang='lat'><strong>150</strong></span> 
     </span>
     <span class='ocr_line' id='line_1_24' title="bbox 288 2461 941 2541; baseline 0.003 -22"><span class='ocrx_word' id='word_1_151' title='bbox 288 2461 411 2521; x_wconf 84' lang='lat' dir='ltr'><strong>Additur</strong></span> <span class='ocrx_word' id='word_1_152' title='bbox 438 2464 565 2541; x_wconf 87' lang='lat' dir='ltr'><strong>imperiis</strong></span> <span class='ocrx_word' id='word_1_153' title='bbox 587 2462 739 2540; x_wconf 84' lang='lat' dir='ltr'><strong>Hispania,</strong></span> <span class='ocrx_word' id='word_1_154' title='bbox 762 2462 941 2537; x_wconf 75' lang='lat' dir='ltr'><strong>Pyrenaeum</strong></span> 
     </span>
    </p>

    <p class='ocr_par' dir='ltr' id='par_1_17' title="bbox 287 2544 1093 2625">
     <span class='ocr_line' id='line_1_25' title="bbox 287 2544 1093 2625; baseline 0.002 -22"><span class='ocrx_word' id='word_1_155' title='bbox 287 2544 436 2613; x_wconf 81' lang='lat' dir='ltr'><strong>&#39;Pransilit;</strong></span> <span class='ocrx_word' id='word_1_156' title='bbox 461 2548 598 2624; x_wconf 92' lang='lat' dir='ltr'><strong>opposuit</strong></span> <span class='ocrx_word' id='word_1_157' title='bbox 620 2554 718 2605; x_wconf 88' lang='lat' dir='ltr'><strong>natura</strong></span> <span class='ocrx_word' id='word_1_158' title='bbox 740 2545 903 2625; x_wconf 80' lang='lat' dir='ltr'><strong>Alpemque</strong></span> <span class='ocrx_word' id='word_1_159' title='bbox 925 2547 1093 2625; x_wconf 78' lang='lat' dir='ltr'><strong>niuemque:</strong></span> 
     </span>
    </p>

    <p class='ocr_par' dir='ltr' id='par_1_18' title="bbox 286 2627 1007 2707">
     <span class='ocr_line' id='line_1_26' title="bbox 286 2627 1007 2707; baseline -0.001 -20"><span class='ocrx_word' id='word_1_160' title='bbox 286 2627 403 2687; x_wconf 88' lang='lat' dir='ltr'><strong>Diducit</strong></span> <span class='ocrx_word' id='word_1_161' title='bbox 425 2630 564 2706; x_wconf 88' lang='lat' dir='ltr'><strong>scopulos</strong></span> <span class='ocrx_word' id='word_1_162' title='bbox 587 2638 617 2688; x_wconf 89' lang='lat' dir='ltr'><strong>et</strong></span> <span class='ocrx_word' id='word_1_163' title='bbox 638 2636 762 2689; x_wconf 89' lang='lat' dir='ltr'><strong>montem</strong></span> <span class='ocrx_word' id='word_1_164' title='bbox 783 2633 889 2707; x_wconf 86' lang='lat' dir='ltr'><strong>rumpit</strong></span> <span class='ocrx_word' id='word_1_165' title='bbox 911 2639 1007 2689; x_wconf 87' lang='lat' dir='ltr'><strong>aceto.</strong></span> 
     </span>
    </p>
   </div>
   <div class='ocr_carea' id='block_1_6' title="bbox 168 2710 1091 2790">
    <p class='ocr_par' dir='ltr' id='par_1_19' title="bbox 168 2710 1091 2790">
     <span class='ocr_line' id='line_1_27' title="bbox 168 2710 1091 2790; baseline 0.002 -21"><span class='ocrx_word' id='word_1_166' title='bbox 168 2748 172 2757; x_wconf 80' lang='lat'><strong>,</strong></span> <span class='ocrx_word' id='word_1_167' title='bbox 287 2710 346 2770; x_wconf 94' lang='lat' dir='ltr'><strong>lam</strong></span> <span class='ocrx_word' id='word_1_168' title='bbox 370 2720 450 2771; x_wconf 90' lang='lat' dir='ltr'><strong>tenet</strong></span> <span class='ocrx_word' id='word_1_169' title='bbox 471 2710 595 2777; x_wconf 76' lang='lat' dir='ltr'><strong>ltaliam:</strong></span> <span class='ocrx_word' id='word_1_170' title='bbox 622 2722 716 2771; x_wconf 92' lang='lat' dir='ltr'><strong>tamen</strong></span> <span class='ocrx_word' id='word_1_171' title='bbox 737 2712 812 2771; x_wconf 89' lang='lat' dir='ltr'><strong>ultra</strong></span> <span class='ocrx_word' id='word_1_172' title='bbox 836 2730 964 2790; x_wconf 79' lang='lat' dir='ltr'><strong>pergere</strong></span> <span class='ocrx_word' id='word_1_173' title='bbox 986 2712 1091 2773; x_wconf 87' lang='lat' dir='ltr'><strong>tendit:</strong></span> 
     </span>
    </p>
   </div>
   <div class='ocr_carea' id='block_1_7' title="bbox 224 2794 1266 3793">
    <p class='ocr_par' dir='ltr' id='par_1_20' title="bbox 285 2794 1266 2959">
     <span class='ocr_line' id='line_1_28' title="bbox 287 2794 1266 2874; baseline 0.008 -23"><span class='ocrx_word' id='word_1_174' title='bbox 287 2794 408 2868; x_wconf 88' lang='lat' dir='ltr'><strong>Actum,</strong></span> <span class='ocrx_word' id='word_1_175' title='bbox 432 2796 537 2871; x_wconf 90' lang='lat' dir='ltr'><strong>inquit,</strong></span> <span class='ocrx_word' id='word_1_176' title='bbox 558 2794 627 2855; x_wconf 88' lang='lat' dir='ltr'><strong>nihil</strong></span> <span class='ocrx_word' id='word_1_177' title='bbox 655 2804 716 2869; x_wconf 85' lang='lat' dir='ltr'><strong>est,</strong></span> <span class='ocrx_word' id='word_1_178' title='bbox 738 2796 793 2854; x_wconf 92' lang='lat' dir='ltr'><strong>nisi</strong></span> <span class='ocrx_word' id='word_1_179' title='bbox 814 2796 913 2857; x_wconf 92' lang='lat' dir='ltr'><strong>Poeno</strong></span> <span class='ocrx_word' id='word_1_180' title='bbox 934 2796 1024 2864; x_wconf 83' lang='lat' dir='ltr'><strong>milite</strong></span> <span class='ocrx_word' id='word_1_181' title='bbox 1045 2806 1146 2874; x_wconf 89' lang='lat' dir='ltr'><strong>portas</strong></span> <span class='ocrx_word' id='word_1_182' title='bbox 1214 2806 1266 2859; x_wconf 77' lang='lat'><strong>155</strong></span> 
     </span>
     <span class='ocr_line' id='line_1_29' title="bbox 285 2874 1028 2959; baseline 0.001 -23"><span class='ocrx_word' id='word_1_183' title='bbox 285 2874 454 2953; x_wconf 82' lang='lat' dir='ltr'><strong>Frangimus</strong></span> <span class='ocrx_word' id='word_1_184' title='bbox 479 2888 507 2937; x_wconf 88' lang='lat' dir='ltr'><strong>et</strong></span> <span class='ocrx_word' id='word_1_185' title='bbox 529 2878 623 2939; x_wconf 87' lang='lat' dir='ltr'><strong>media</strong></span> <span class='ocrx_word' id='word_1_186' title='bbox 645 2879 784 2941; x_wconf 84' lang='lat' dir='ltr'><strong>vexillum</strong></span> <span class='ocrx_word' id='word_1_187' title='bbox 806 2897 884 2959; x_wconf 92' lang='lat' dir='ltr'><strong>pono</strong></span> <span class='ocrx_word' id='word_1_188' title='bbox 906 2880 1028 2940; x_wconf 87' lang='lat' dir='ltr'><strong>Subura.</strong></span> 
     </span>
    </p>

    <p class='ocr_par' dir='ltr' id='par_1_21' title="bbox 285 2958 943 3040">
     <span class='ocr_line' id='line_1_30' title="bbox 285 2958 943 3040; baseline 0.009 -22"><span class='ocrx_word' id='word_1_189' title='bbox 285 2958 311 3018; x_wconf 94' lang='lat'>0</span> <span class='ocrx_word' id='word_1_190' title='bbox 334 2960 427 3037; x_wconf 89' lang='lat' dir='ltr'><strong>qualis</strong></span> <span class='ocrx_word' id='word_1_191' title='bbox 450 2960 542 3021; x_wconf 83' lang='lat' dir='ltr'><strong>iacies</strong></span> <span class='ocrx_word' id='word_1_192' title='bbox 564 2970 594 3021; x_wconf 88' lang='lat' dir='ltr'><strong>et</strong></span> <span class='ocrx_word' id='word_1_193' title='bbox 615 2962 692 3040; x_wconf 88' lang='lat' dir='ltr'><strong>quali</strong></span> <span class='ocrx_word' id='word_1_194' title='bbox 717 2963 803 3040; x_wconf 82' lang='lat' dir='ltr'><strong>digna</strong></span> <span class='ocrx_word' id='word_1_195' title='bbox 824 2963 943 3038; x_wconf 84' lang='lat' dir='ltr'><strong>tabella,</strong></span> 
     </span>
    </p>

    <p class='ocr_par' dir='ltr' id='par_1_22' title="bbox 280 3042 1070 3124">
     <span class='ocr_line' id='line_1_31' title="bbox 280 3042 1070 3124; baseline 0.005 -23"><span class='ocrx_word' id='word_1_196' title='bbox 280 3042 378 3114; x_wconf 81' lang='lat' dir='ltr'><strong>&#39;Quum</strong></span> <span class='ocrx_word' id='word_1_197' title='bbox 402 3042 521 3104; x_wconf 83' lang='lat' dir='ltr'><strong>Gaetula</strong></span> <span class='ocrx_word' id='word_1_198' title='bbox 546 3047 648 3105; x_wconf 90' lang='lat' dir='ltr'><strong>ducem</strong></span> <span class='ocrx_word' id='word_1_199' title='bbox 671 3056 802 3124; x_wconf 80' lang='lat' dir='ltr'><strong>portaret</strong></span> <span class='ocrx_word' id='word_1_200' title='bbox 821 3046 920 3107; x_wconf 83' lang='lat' dir='ltr'><strong>hellue</strong></span> <span class='ocrx_word' id='word_1_201' title='bbox 945 3046 1070 3106; x_wconf 84' lang='lat' dir='ltr'><strong>luscum!</strong></span> 
     </span>
    </p>

    <p class='ocr_par' dir='ltr' id='par_1_23' title="bbox 285 3124 1071 3207">
     <span class='ocr_line' id='line_1_32' title="bbox 285 3124 1071 3207; baseline 0.005 -23"><span class='ocrx_word' id='word_1_202' title='bbox 285 3124 387 3185; x_wconf 82' lang='lat' dir='ltr'><strong>Exitus</strong></span> <span class='ocrx_word' id='word_1_203' title='bbox 410 3144 482 3204; x_wconf 84' lang='lat' dir='ltr'><strong>ergo</strong></span> <span class='ocrx_word' id='word_1_204' title='bbox 506 3130 569 3206; x_wconf 90' lang='lat' dir='ltr'><strong>quis</strong></span> <span class='ocrx_word' id='word_1_205' title='bbox 592 3127 657 3188; x_wconf 88' lang='lat' dir='ltr'><strong>est?</strong></span> <span class='ocrx_word' id='word_1_206' title='bbox 682 3148 699 3189; x_wconf 95' lang='lat' dir='ltr'><strong>o</strong></span> <span class='ocrx_word' id='word_1_207' title='bbox 720 3130 829 3207; x_wconf 80' lang='lat' dir='ltr'><strong>gloria!</strong></span> <span class='ocrx_word' id='word_1_208' title='bbox 852 3132 974 3189; x_wconf 85' lang='lat' dir='ltr'><strong>vincitur</strong></span> <span class='ocrx_word' id='word_1_209' title='bbox 995 3130 1071 3189; x_wconf 88' lang='lat' dir='ltr'><strong>idem</strong></span> 
     </span>
    </p>

    <p class='ocr_par' dir='ltr' id='par_1_24' title="bbox 283 3207 1266 3379">
     <span class='ocr_line' id='line_1_33' title="bbox 283 3207 1266 3292; baseline 0.007 -24"><span class='ocrx_word' id='word_1_210' title='bbox 283 3207 397 3288; x_wconf 87' lang='lat' dir='ltr'><strong>Nempe</strong></span> <span class='ocrx_word' id='word_1_211' title='bbox 419 3220 448 3269; x_wconf 90' lang='lat' dir='ltr'><strong>et</strong></span> <span class='ocrx_word' id='word_1_212' title='bbox 468 3212 496 3269; x_wconf 92' lang='lat' dir='ltr'><strong>in</strong></span> <span class='ocrx_word' id='word_1_213' title='bbox 516 3212 632 3272; x_wconf 89' lang='lat' dir='ltr'><strong>exilium</strong></span> <span class='ocrx_word' id='word_1_214' title='bbox 655 3231 800 3292; x_wconf 83' lang='lat' dir='ltr'><strong>praeceps</strong></span> <span class='ocrx_word' id='word_1_215' title='bbox 820 3214 894 3290; x_wconf 74' lang='lat' dir='ltr'><strong>fugit</strong></span> <span class='ocrx_word' id='word_1_216' title='bbox 914 3222 999 3291; x_wconf 86' lang='lat' dir='ltr'><strong>atque</strong></span> <span class='ocrx_word' id='word_1_217' title='bbox 1016 3212 1058 3273; x_wconf 89' lang='lat' dir='ltr'><strong>ihi</strong></span> <span class='ocrx_word' id='word_1_218' title='bbox 1079 3231 1198 3291; x_wconf 74' lang='lat' dir='ltr'><strong>magnus</strong></span> <span class='ocrx_word' id='word_1_219' title='bbox 1212 3221 1266 3275; x_wconf 85' lang='grc'><strong>1611</strong></span> 
     </span>
     <span class='ocr_line' id='line_1_34' title="bbox 283 3290 1058 3379; baseline 0.005 -28"><span class='ocrx_word' id='word_1_220' title='bbox 283 3290 487 3371; x_wconf 85' lang='lat' dir='ltr'><strong>lllirandusque</strong></span> <span class='ocrx_word' id='word_1_221' title='bbox 514 3294 605 3355; x_wconf 89' lang='lat' dir='ltr'><strong>cliens</strong></span> <span class='ocrx_word' id='word_1_222' title='bbox 632 3297 715 3356; x_wconf 90' lang='lat' dir='ltr'><strong>sedet</strong></span> <span class='ocrx_word' id='word_1_223' title='bbox 741 3297 943 3379; x_wconf 85' lang='lat' dir='ltr'><strong>adpraetoria</strong></span> <span class='ocrx_word' id='word_1_224' title='bbox 966 3298 1058 3373; x_wconf 84' lang='lat' dir='ltr'><strong>regis,</strong></span> 
     </span>
    </p>

    <p class='ocr_par' dir='ltr' id='par_1_25' title="bbox 281 3374 946 3458">
     <span class='ocr_line' id='line_1_35' title="bbox 281 3374 946 3458; baseline 0.006 -25"><span class='ocrx_word' id='word_1_225' title='bbox 281 3374 387 3435; x_wconf 86' lang='lat' dir='ltr'><strong>Donec</strong></span> <span class='ocrx_word' id='word_1_226' title='bbox 408 3376 530 3453; x_wconf 78' lang='lat' dir='ltr'><strong>Bithyno</strong></span> <span class='ocrx_word' id='word_1_227' title='bbox 556 3378 646 3439; x_wconf 90' lang='lat' dir='ltr'><strong>libeat</strong></span> <span class='ocrx_word' id='word_1_228' title='bbox 668 3382 791 3458; x_wconf 82' lang='lat' dir='ltr'><strong>vigilare</strong></span> <span class='ocrx_word' id='word_1_229' title='bbox 816 3389 946 3453; x_wconf 80' lang='lat' dir='ltr'><strong>tyranno.</strong></span> 
     </span>
    </p>

    <p class='ocr_par' dir='ltr' id='par_1_26' title="bbox 224 3456 1263 3793">
     <span class='ocr_line' id='line_1_36' title="bbox 224 3456 1235 3539; baseline 0.006 -20"><span class='ocrx_word' id='word_1_230' title='bbox 224 3500 228 3507; x_wconf 85' lang='lat'>-</span> <span class='ocrx_word' id='word_1_231' title='bbox 281 3456 382 3519; x_wconf 85' lang='lat' dir='ltr'><strong>Finem</strong></span> <span class='ocrx_word' id='word_1_232' title='bbox 404 3462 531 3537; x_wconf 88' lang='lat' dir='ltr'><strong>animae,</strong></span> <span class='ocrx_word' id='word_1_233' title='bbox 558 3480 632 3539; x_wconf 88' lang='lat' dir='ltr'><strong>quae</strong></span> <span class='ocrx_word' id='word_1_234' title='bbox 657 3482 705 3523; x_wconf 89' lang='lat' dir='ltr'><strong>res</strong></span> <span class='ocrx_word' id='word_1_235' title='bbox 729 3464 867 3523; x_wconf 78' lang='lat' dir='ltr'><strong>humanos</strong></span> <span class='ocrx_word' id='word_1_236' title='bbox 891 3464 1006 3523; x_wconf 89' lang='lat' dir='ltr'><strong>miscuit</strong></span> <span class='ocrx_word' id='word_1_237' title='bbox 1026 3463 1105 3538; x_wconf 90' lang='lat' dir='ltr'><strong>olim,</strong></span> <span class='ocrx_word' id='word_1_238' title='bbox 1230 3494 1235 3500; x_wconf 80' lang='grc'><strong><em>·</em></strong></span> 
     </span>
     <span class='ocr_line' id='line_1_37' title="bbox 281 3542 1124 3621; baseline 0.006 -20"><span class='ocrx_word' id='word_1_239' title='bbox 281 3542 347 3601; x_wconf 87' lang='lat' dir='ltr'><strong>Non</strong></span> <span class='ocrx_word' id='word_1_240' title='bbox 374 3542 480 3619; x_wconf 83' lang='lat' dir='ltr'><strong>gladii,</strong></span> <span class='ocrx_word' id='word_1_241' title='bbox 504 3562 561 3604; x_wconf 91' lang='lat' dir='ltr'><strong>non</strong></span> <span class='ocrx_word' id='word_1_242' title='bbox 583 3564 652 3605; x_wconf 86' lang='lat' dir='ltr'><strong>saxa</strong></span> <span class='ocrx_word' id='word_1_243' title='bbox 674 3545 794 3620; x_wconf 86' lang='lat' dir='ltr'><strong>dabunt,</strong></span> <span class='ocrx_word' id='word_1_244' title='bbox 817 3564 874 3605; x_wconf 90' lang='lat' dir='ltr'><strong>nec</strong></span> <span class='ocrx_word' id='word_1_245' title='bbox 895 3547 969 3621; x_wconf 87' lang='lat' dir='ltr'><strong>tela,</strong></span> <span class='ocrx_word' id='word_1_246' title='bbox 999 3548 1051 3607; x_wconf 87' lang='lat' dir='ltr'><strong>sed</strong></span> <span class='ocrx_word' id='word_1_247' title='bbox 1072 3547 1124 3606; x_wconf 92' lang='lat' dir='ltr'><strong>ille</strong></span> 
     </span>
     <span class='ocr_line' id='line_1_38' title="bbox 282 3622 1263 3705; baseline 0.006 -22"><span class='ocrx_word' id='word_1_248' title='bbox 282 3622 443 3685; x_wconf 78' lang='lat' dir='ltr'><strong>Cannarum</strong></span> <span class='ocrx_word' id='word_1_249' title='bbox 468 3628 576 3687; x_wconf 84' lang='lat' dir='ltr'><strong>vindex</strong></span> <span class='ocrx_word' id='word_1_250' title='bbox 602 3638 630 3687; x_wconf 89' lang='lat' dir='ltr'><strong>et</strong></span> <span class='ocrx_word' id='word_1_251' title='bbox 654 3628 724 3689; x_wconf 87' lang='lat' dir='ltr'><strong>tanti</strong></span> <span class='ocrx_word' id='word_1_252' title='bbox 750 3630 895 3705; x_wconf 74' lang='lat' dir='ltr'><strong>sanguinis</strong></span> <span class='ocrx_word' id='word_1_253' title='bbox 917 3631 993 3689; x_wconf 89' lang='lat' dir='ltr'><strong>ultor</strong></span> <span class='ocrx_word' id='word_1_254' title='bbox 1210 3636 1263 3691; x_wconf 78' lang='lat' dir='ltr'><strong>rot</strong></span> 
     </span>
     <span class='ocr_line' id='line_1_39' title="bbox 281 3707 1175 3793; baseline 0.006 -26"><span class='ocrx_word' id='word_1_255' title='bbox 281 3707 420 3769; x_wconf 91' lang='lat' dir='ltr'><strong>Annulus.</strong></span> <span class='ocrx_word' id='word_1_256' title='bbox 457 3710 469 3769; x_wconf 97' lang='lat' dir='ltr'><strong>l</strong></span> <span class='ocrx_word' id='word_1_257' title='bbox 495 3712 614 3771; x_wconf 89' lang='lat' dir='ltr'><strong>demens</strong></span> <span class='ocrx_word' id='word_1_258' title='bbox 637 3720 667 3771; x_wconf 87' lang='lat' dir='ltr'><strong>et</strong></span> <span class='ocrx_word' id='word_1_259' title='bbox 692 3728 797 3772; x_wconf 82' lang='lat' dir='ltr'><strong>saevas</strong></span> <span class='ocrx_word' id='word_1_260' title='bbox 818 3732 902 3773; x_wconf 87' lang='lat' dir='ltr'><strong>curre</strong></span> <span class='ocrx_word' id='word_1_261' title='bbox 927 3731 980 3793; x_wconf 88' lang='lat' dir='ltr'><strong>per</strong></span> <span class='ocrx_word' id='word_1_262' title='bbox 1004 3713 1108 3792; x_wconf 89' lang='lat' dir='ltr'><strong>Alpes,</strong></span> <span class='ocrx_word' id='word_1_263' title='bbox 1170 3740 1175 3752; x_wconf 91' lang='lat'><strong>·</strong></span> 
     </span>
    </p>
   </div>
   <div class='ocr_carea' id='block_1_8' title="bbox 0 0 1530 4484">
    <p class='ocr_par' dir='ltr' id='par_1_27' title="bbox 0 0 1530 4484">
     <span class='ocr_line' id='line_1_40' title="bbox 0 0 1530 4484; baseline 0 4"><span class='ocrx_word' id='word_1_264' title='bbox 0 0 1530 4484; x_wconf 95' lang='lat' dir='ltr'><strong> </strong></span> 
     </span>
    </p>
   </div>
  </div>
 </body>
</html>
