3050 4484
654 471 780 520 sumna
797 473 849 520 111.
912 515 914 520 .
1036 450 1040 456 ’
1206 463 1244 526 13

261 614 394 674 herculis
413 613 555 672 Antaeum
577 611 841 690 proculatellure
863 613 998 685 tenentis,

261 698 379 758 Miratur
399 696 503 756 vocem
525 705 691 772 angustam,
714 705 774 771 'qua
795 695 922 754 deterius
942 713 997 754 nec
1087 713 1092 720 ’
1210 707 1245 762 9ο

261 781 315 842 llle
338 790 436 854 sonat,
459 797 515 857 quo
537 779 685 838 mordetur
706 778 814 854 gallina
836 775 960 838 marito?

261 865 340 924 llaec
363 864 465 925 eadem
487 863 556 922 licet
578 872 606 921 et
625 861 708 921 nohis
732 861 865 921 laudare:
889 861 1017 923 sediliis

262 947 403 1006 Creditur.
448 947 494 1006 An
514 946 631 1020 melior,
656 963 741 1022 quum
762 943 873 1006 Thaida
894 946 1016 1005 sustinet
1037 955 1085 1006 aut
1106 964 1190 1026 quum

259 1031 389 1090 Uxorem
411 1029 568 1090 comoedus
590 1031 650 1106 agit
671 1029 719 1088 vel
736 1028 846 1090 Dorida
864 1029 943 1089 nullo
966 1058 968 1063 v

260 1113 374 1174 Cultam
392 1111 535 1192 palliolo?
557 1114 659 1174 mulier
681 1131 786 1190 nempe
804 1113 868 1190 ipsa
888 1113 1014 1187 uidetur,
1093 1166 1097 1179 ,
1209 1127 1244 1180 95

185 1271 187 1276 ,
260 1197 326 1256 Non
350 1215 475 1276 persona
497 1198 592 1274 loqui:
612 1214 703 1257 vacua
727 1205 756 1256 et
777 1197 862 1274 plana
885 1197 979 1256 omnia
1001 1197 1082 1256 dicas
1152 1194 1154 1202 ⁴

260 1281 338 1342 lnfra
357 1281 548 1350 ventriculum
566 1289 594 1338 et
616 1281 696 1340 tenui
718 1280 849 1340 distantia
868 1283 948 1340 rima.

260 1363 324 1423 Nec
343 1373 440 1424 tamen
461 1363 618 1423 Antiochus
640 1381 696 1423 nec
719 1366 774 1422 erit
792 1363 931 1423 mirabilis
951 1363 1011 1422 illic

260 1447 320 1506 Aut
344 1448 505 1508 Stratocles
528 1456 576 1508 aut
599 1465 661 1506 cum
682 1447 763 1507 molli
784 1445 948 1506 Demetrius
969 1445 1095 1506 Haemo:

259 1530 345 1590 Natio
367 1531 506 1592 comoeda
529 1540 583 1590 est.
628 1530 733 1590 Rides:
757 1531 867 1590 maiore
888 1530 1028 1590 cachinno
1192 1545 1244 1596 100

261 1612 444 1689 Concutitur;
466 1615 531 1688 flet,
555 1616 579 1673 si
601 1614 735 1676 lacrimas
757 1615 911 1692 conspexit
932 1614 1026 1688 amici,

259 1697 323 1757 Nec
346 1697 440 1769 dolet;
462 1699 618 1774 igniculum
639 1699 757 1758 hruma'e
781 1699 813 1756 si·
828 1707 961 1775 tempore
982 1710 1099 1775 poscas,

251 1781 376 1859 ¹Accipit
399 1783 610 1852 endromidem
631 1783 655 1842 si
678 1783 787 1842 dixeris
809 1791 927 1857 aestuo,
951 1781 1042 1842 sudat.

258 1863 324 1924 Non
346 1884 441 1924 sumus
463 1883 535 1942 ergo
554 1884 657 1944 pares:
678 1866 869 1942 melior‚·qui
892 1884 1008 1943 semper
1031 1877 1060 1927 et
1082 1869 1158 1928 omui

258 1947 353 2007 Nocte
376 1949 480 2026 dieque
503 1959 599 2026 potest
619 1949 712 2016 aliena
734 1965 849 2008 sumere
868 1949 977 2008 uultum
1194 1963 1242 2014 105

258 2031 285 2090 A
307 2031 393 2108 facie,
413 2034 521 2092 iactare
544 2051 658 2108 manus,
682 2032 800 2094 laudare
823 2042 952 2109 paratus,

256 2116 290 2174 Si
309 2115 384 2174 hene
405 2117 544 2192 ructavit,
565 2117 591 2174 si
610 2124 721 2176 rectum
743 2117 844 2174 minxit
865 2117 996 2189 amicus,-

258 2200 289 2257 Si
311 2199 396 2258 trulla
420 2200 536 2258 inverso
559 2201 700 2276 crepitum
719 2198 797 2259 dedit
818 2216 905 2258 aurea
926 2198 1025 2258 lundo.

258 2281 414 2341 Praeterea
436 2291 564 2341 sanctum
586 2281 656 2342 nihil
678 2291 796 2342 estnec
817 2281 853 2340 ah
875 2283 991 2357 inguine
1012 2291 1115 2342 tutum:

256 2363 323 2422 Non
342 2374 470 2424 matrona
488 2365 572 2439 laris,
595 2382 653 2424 non
675 2365 733 2424 filia
753 2366 857 2441 virgo,
879 2383 976 2443 neque
998 2367 1063 2443 ipse
1191 2379 1243 2430 110
1351 2365 1355 2374 ’

258 2448 389 2525 Sponsus
411 2449 486 2508 levis
507 2447 615 2523 adhuc,
638 2465 695 2508 non
717 2447 793 2508 filius
813 2457 878 2507 ante
899 2449 1044 2526 pudicuse

256 2531 366 2590 llorum
388 2534 412 2590 si
434 2531 502 2590 nihil
524 2541 586 2606 est,
611 2532 702 2598 aviam
724 2533 872 2610 resupinat
893 2533 987 2592 amici.

252 2617 341 2675 'Scire
363 2616 463 2674 volunt
484 2624 598 2676 secreta
621 2615 721 2676 domus
742 2623 828 2694 atque
847 2617 913 2676 inde
936 2617 1039 2677 timeri.

115 2769 119 2790 Ι
211 2773 213 2778 Ι
255 2697 294 2758 Et
316 2700 450 2777 quoniam
472 2701 569 2778 coepit
592 2698 769 2760 Graecorum
789 2703 914 2776 mentio,
937 2703 1054 2761 transi·

257 2782 410 2856 Gymnasia
433 2792 518 2860 atque
541 2783 606 2844 audi
628 2783 740 2844 facinus
758 2787 874 2844 maioris
896 2785 1028 2844 abollae:
1190 2795 1242 2846 115

257 2868 374 2926 Stoicus
393 2866 503 2926 occidit
521 2866 642 2928 Baream
662 2868 793 2948 delator,
814 2869 935 2927 amicum

256 2947 493 3028 Discipulumque
517 2969 608 3009 senex
629 2952 692 3028 ripa
710 2953 832 3010 nutritus
852 2951 882 3008 iu
903 2949 963 3022 illa,

258 3031 304 3091 hd
329 3050 412 3110 quam
431 3033 578 3110 Gorgonei
601 3033 720 3110 delapsa
744 3042 789 3093 est
810 3035 895 3111 pinna
915 3032 1034 3092 caballi!

164 3185 166 3190 Ι
256 3114 323 3174 Non
344 3125 389 3176 est
410 3116 539 3176 Romano
562 3117 693 3193 cuiquam
716 3117 798 3176 locus
820 3116 882 3189 hic,
903 3115 952 3175 ubi
973 3125 1076 3193 regnat

257 3198 439 3275 Protogenes
460 3201 562 3278 aliquis
582 3199 630 3260 vel
651 3199 785 3278 Diphilus
804 3209 851 3260 aut
869 3199 1074 3276 Hermarchus,
1190 3210 1241 3264 luo

257 3280 313 3353 Qui
335 3283 429 3358 gentis
451 3285 521 3343 vitio
543 3302 693 3361 numquam
714 3285 833 3360 partitur
854 3285 988 3358 amicum,

252 3365 345 3426 ‘Solus
368 3363 469 3433 habet;
491 3385 554 3427 nam
576 3385 662 3446 quum
683 3367 798 3430 facilem
819 3368 938 3428 stillavit
958 3369 986 3428 iu
1008 3384 1106 3428 aurem

256 3447 399 3524 Exiguum
422 3449 458 3508 de
480 3461 598 3512 naturae
619 3453 789 3530 patriaeque
809 3469 933 3527 veneno,

255 3531 364 3590 himine
387 3551 586 3610 summoveor,
611 3536 758 3613 perierunt
777 3545 909 3614 tempora
931 3537 1011 3613 longi

254 3615 390 3685 Servitii3
414 3613 553 3696 nusquam
573 3619 665 3678 minor
687 3628 731 3678 est
750 3619 859 3680 iactura
879 3619 1003 3678 clientis.
1188 3628 1237 3681 125

300 3697 384 3772 Quod
406 3717 494 3780 porro
518 3701 659 3780 cilicium,
680 3721 716 3764 ne
736 3701 820 3764 nohis
841 3703 988 3780 blandiar,
1011 3713 1059 3766 aut
1079 3702 1155 3782 quod
