3050 4484
268 447 306 508 10
333 512 336 522 ,
592 457 627 504 ιι.
650 457 721 504 um.
743 453 930 506 ruvereus

265 597 303 660 Et
323 605 438 658 contum
459 604 488 656 et
510 595 611 672 Stygio
633 613 718 655 ranas
741 593 769 653 in
788 594 904 670 gurgite
923 595 1031 670 nigras,
1056 595 1059 600 ’
1199 607 1251 658 100

265 682 363 760 Atque
389 699 443 741 una
463 680 585 739 transire
607 679 710 739 vadum
732 687 775 737 tot
796 678 874 736 milia
902 677 1015 752 cymba,

264 765 329 825 Nec
348 765 430 844 pueri
455 762 586 838 credunt5
606 763 659 820 nisi
682 763 729 840 qui
747 762 872 821 nondum
893 779 963 821 aere
985 762 1123 820 lavantur.

265 848 326 908 Sed
347 857 377 908 tu
394 863 465 908 vera
487 855 569 925 puta:
593 843 696 906 Curius
718 845 787 923 quid
809 845 896 904 sentit
918 853 948 904 et
956 844 1047 923 umbo

262 931 436 1009 Scipiadae,
462 930 529 1008 quid
550 928 700 989 Fabricius
720 943 878 1006 manesque
900 925 1025 1003 Caruilii,

262 1014 341 1088 Quid
363 1012 520 1074 Cremerae
541 1013 620 1089 legio
642 1021 672 1071 et
694 1009 801 1071 Caunis
819 1019 994 1089 consumpta
1007 1011 1149 1087 iuventus,
1198 1023 1250 1076 155
1278 1058 1280 1064 -
1386 994 1387 1001 ἵ

262 1097 321 1161 Τοι
342 1097 486 1158 bellorum
511 1098 639 1170 animae,
663 1097 779 1174 quoties
803 1095 870 1154 bine
891 1095 957 1154 talis
977 1095 1015 1155 ad
1037 1094 1104 1154 illos

263 1180 371 1240 Umbra
390 1177 488 1240 venit?
512 1187 651 1257 cuperent
669 1179 798 1252 lustrari,
822 1180 846 1237 si
865 1195 919 1256 qua
933 1179 1071 1238 darentur

262 1264 379 1324 Sulluru
402 1283 465 1324 cum
493 1263 600 1338 taedis,
636 1269 666 1320 et
700 1263 723 1320 si
743 1261 821 1321 loret
841 1261 955 1321 humida
972 1261 1079 1321 laurus.

263 1346 354 1423 Illuc,
377 1345 450 1422 heu,
473 1347 571 1406 miseri
593 1345 781 1406 traducimur!
804 1345 891 1405 Arma
915 1346 1029 1424 quidem
1052 1347 1126 1406 ultra

264 1429 361 1490 Litora
382 1429 525 1490 lubernae
547 1431 743 1507 promovimus
765 1438 795 1489 et
816 1430 902 1490 modo
926 1438 1026 1507 captas
1201 1440 1253 1494 100

265 1512 396 1574 Orcadas
418 1531 453 1574 ac
472 1514 586 1573 minima
608 1523 760 1574 contentos
784 1523 870 1572 nocte
893 1511 1058 1587 Britannos3

264 1597 325 1656 Sed
345 1615 419 1675 quae
442 1615 516 1656 nune
538 1597 638 1674 populi
658 1597 726 1656 liunt
747 1597 868 1656 victoris
889 1598 917 1654 in
938 1595 1023 1671 urbe,

264 1679 330 1739 Non
351 1680 457 1739 faciunt
478 1680 537 1754 illi,
561 1697 635 1756 quos
652 1681 783 1739 vicimus.
825 1679 866 1738 -llt
885 1689 981 1738 tamen
1003 1697 1075 1738 uuus

266 1763 420 1822 Armenius
443 1762 567 1822 Zalaces
590 1763 700 1821 cunetis
721 1772 853 1822 narratur
871 1763 994 1840 ephebis

264 1845 382 1906 Mollior
403 1846 514 1906 ardenti
536 1863 604 1904 sese
627 1845 782 1906 indulsisse
802 1846 926 1905 tribuno.
1201 1855 1250 1908 165

264 1929 395 2007 Aspice,
416 1929 483 2008 quid
505 1929 612 1989 faciant
635 1929 824 1989 commercia!
846 1937 967 1990 venerat
988 1928 1093 2002 obses3
1116 1949 1118 1953 ·
1305 1928 1309 1934 ⁴
1345 1941 1349 1948 '

263 2011 318 2072 Hic
338 2012 406 2072 fiunt
427 2013 569 2072 homines.
605 2010 686 2072 ‘Nam
709 2014 733 2072 si
754 2030 835 2074 mora
856 2013 971 2090 longior
993 2013 1092 2073 urbem

264 2095 385 2156 Indulsit
406 2099 521 2175 pueris,
543 2113 601 2156 non
623 2115 756 2175 umquam
780 2098 875 2157 deerit
896 2107 1021 2170 amator;

264 2179 410 2240 lllittentur
429 2179 572 2257 braccae,
598 2181 725 2256 cultelli,
748 2181 849 2256 irena,
869 2181 1030 2259 flagellum:

263 2265 314 2324 Sic
337 2272 538 2346 praetextatos
560 2264 690 2325 referunt
711 2265 851 2326 Artaxata
869 2283 976 2324 mores.
1201 2271 1251 2328 rto

596 2629 923 2695 SATIRAIII.

265 2731 409 2834 Quamvis
429 2765 562 2842 digressu
583 2767 694 2826 veteris
716 2766 854 2826 confusus
876 2765 969 2841 amici,

264 2845 362 2906 Laudo
383 2857 495 2925 tamen,
518 2851 617 2909 vacuis
638 2850 716 2929 quod
738 2850 838 2909 sedem
859 2850 951 2925 figere
975 2845 1070 2907 Cumis

265 2928 399 2991 Destinet
421 2942 508 3012 atque
529 2952 614 2994 unum
637 2935 730 2993 civem
751 2933 861 2992 donare
883 2932 1024 3007 Sibyllae.

262 3013 352 3074 lanua
377 3014 509 3076 Baiarum
529 3027 573 3077 est
594 3027 624 3076 et
642 3027 753 3094 gratum
777 3017 842 3076 litus
864 3017 977 3076 amoeni

265 3099 426 3170 Secessus;
450 3118 507 3177 ego
529 3101 591 3160 vel
601 3100 773 3175 Prochytam
794 3117 945 3178 praepono
967 3098 1108 3159 Suburae.
1234 3111 1252 3161 5

264 3179 337 3241 Nam
360 3183 427 3261 quid
449 3192 506 3242 tarn
527 3185 679 3259 miserum,
702 3193 757 3244 tam
781 3184 874 3243 solum
893 3183 1031 3258 vidimus,
1055 3191 1160 3241 utnon

264 3265 402 3326 Deterius
424 3267 528 3326 credas
551 3267 672 3326 horrere
695 3267 844 3342 incendia,
866 3267 966 3344 lapsus

266 3347 422 3410 Tectorum
445 3350 578 3410 assiduos
600 3368 635 3410 ac
657 3350 735 3409 mille
759 3351 890 3430 pericula
913 3367 1021 3408 saeuae

265 3431 353 3492 Urbis
375 3443 404 3492 et
426 3432 559 3510 Augusto
581 3434 738 3494 recitantes
758 3445 859 3492 mense
883 3430 1007 3510 poetas?

266 3516 326 3574 Sed
345 3515 409 3576 dum
428 3525 488 3576 tota
511 3517 611 3576 domus
632 3515 703 3576 reda
727 3519 908 3594 componitur
929 3535 995 3592 uua,
1217 3526 1253 3576 10

265 3598 398 3658 Substitit
422 3599 456 3659 ad
476 3609 593 3661 veteres
616 3617 700 3660 arcus
722 3601 921 3679 madidamque
945 3599 1102 3679 Capenam.

194 3755 197 3762 Ι
265 3681 336 3759 llio,
358 3681 407 3742 ubi
425 3693 582 3746 nocturnae
604 3683 696 3745 Numa
719 3684 910 3745 constituebat
933 3686 1055 3760 amicae,
