3050 4484
287 457 341 508 ΧΠ
476 449 487 466 ''
668 453 876 502 PRAEFATIO

285 601 375 656 uenalis
386 599 544 670 poesinidem
555 598 686 661 conueniat,
698 599 762 670 quod
773 597 856 654 Odotr.
827 598 1000 654 tbldllerus'
994 614 1018 652 ιι
1029 598 1091 652 tlist
1103 596 1168 659 liter.
1178 613 1260 670 graec.

286 685 314 740 T.
325 685 345 750 ι
361 687 432 754 ρ.24
397 684 471 740 247
465 700 489 738 ιι
500 682 635 738 Archilochi
652 683 755 739 dictione
767 669 942 737 Homericae
922 697 959 738 ιιι
969 683 1088 752 opposuit,
1100 689 1126 736 ul
1136 681 1198 737 hanc
1210 684 1260 752 ple

285 783 358 839 reque
370 776 419 838 eprt
401 768 461 822 tthe
451 775 474 822 ta
486 767 516 822 ad
526 767 604 821 solum
617 773 726 820 ornatum
738 766 834 829 reterre
846 767 914 821 illurn
925 767 1004 821 omnia
1014 767 1039 820 ιι
1048 781 1099 820 rem
1109 774 1260 836 praesentem

285 852 389 923 dirigere
399 851 609 911 animadverterem
620 849 668 904 hoc
677 851 758 920 utique
769 851 958 920 exemplorum
969 849 1094 913 luvenalis,
1103 850 1160 904 licet
1167 858 1260 909 cetero·

284 937 342 1007 quin
352 936 484 1007 Vergilium
495 935 571 990 multo
582 934 660 1004 magis
676 949 746 1005 quam
765 949 931 1030 quemcunque
946 935 1020 988 alium
1037 942 1133 1004 poetam
1144 940 1257 999 sectetur,

141 1056 144 1064 ·
241 1087 246 1094 1
283 1027 364 1074 tamen
380 1018 427 1074 ιιι
442 1034 468 1072 ιι
484 1017 513 1074 ab
532 1019 596 1075 illius
608 1018 732 1088 omnisque
748 1019 831 1086 epicae
846 1019 924 1088 poesis
935 1018 1107 1073 cousuetudine
1117 1019 1259 1089 longissime

282 1105 387 1167 recedit,
406 1103 470 1174 quod
486 1101 577 1160 ordiam
594 1101 663 1155 lacile
685 1101 800 1156 orationis
815 1107 908 1171 partem
924 1103 1030 1156 otiosam
1045 1117 1142 1156 manere
1159 1104 1256 1172 patitur,

282 1187 325 1240 sed
336 1161 644 1256 suamcniquev'ncabulo'
624 1199 679 1251 um,
684 1187 1021 1255 sunmnmmenitaimpertit
1026 1194 1053 1240 ut
1063 1187 1258 1257 quaeapudalios

282 1271 411 1340 scuptores
419 1271 545 1324 coniuncta
551 1269 649 1324 dernrun
655 1283 726 1324 unam
736 1270 990 1326 seutentiamefficiaut
991 1269 1138 1339 ‚apudhuuc
1148 1285 1257 1325 eommu-

281 1367 337 1408 nem
349 1354 460 1408 omuibus
469 1353 611 1408 sententiam
622 1358 659 1406 ιιι
669 1353 824 1424 imaginibus
830 1361 890 1426 quot
903 1354 975 1409 rerba
985 1353 1071 1419 habeat
1087 1355 1256 1424 multiplicent.

262 1457 271 1474 ‘
282 1436 330 1504 Sed
340 1437 400 1492 haec
411 1437 551 1508 singulatim
561 1437 677 1506 expiscari
688 1437 824 1508 interpretis
840 1438 949 1494 cilicium
958 1446 1009 1504 est,
1025 1454 1072 1494 ιιι
1082 1438 1169 1492 desunt
1179 1441 1220 1523 qui
1232 1440 1257 1494 iu
1296 1441 1300 1446 '

221 1522 224 1532 ‘
281 1521 458 1576 commentariis
474 1537 524 1576 suis
535 1521 606 1576 docte
617 1528 641 1575 ιι
657 1529 727 1576 acute
738 1524 928 1587 enuclearermt
944 1522 1014 1576 nobis
1024 1524 1097 1576 etiam
1108 1537 1188 1593 magis
1197 1511 1256 1578 illud

281 1605 413 1659 carendum
424 1619 476 1658 osse
486 1606 590 1668 ιιιιιιι
605 1620 635 1658 ιι
645 1605 745 1660 nimiam
753 1621 797 1675 per
806 1597 964 1675 subtilitatem
981 1607 1036 1674 plus
1045 1613 1185 1674 poetact
1142 1607 1185 1660 obt
1186 1608 1256 1661 ruda-

280 1697 326 1752 tur‚
344 1705 415 1759 quam
427 1703 482 1742 eum
492 1689 572 1743 dicere
581 1688 685 1744 voluisse
695 1704 726 1742 ιιι
737 1690 848 1744 universo
859 1691 906 1744 loci
921 1696 1065 1759 argumento
1080 1703 1183 1760 cumque
1199 1691 1254 1744 reli-
1282 1740 1289 1750 ,

177 1773 186 1779 “
279 1773 332 1843 quis
342 1787 405 1826 nexu
412 1772 530 1909 prodeat:
541 1771 623 1828 hunc
617 1773 692 1842 igitur
702 1779 730 1826 ut
740 1773 844 1867 lectores
846 1770 1097 1842 ,priusquamsiugnla
1108 1774 1254 1844 aggredian-

280 1902 357 2009 pmmo
365 1941 482 1994 accedent
481 1941 535 1994 ibus
542 1941 604 1994 scitu
616 1955 678 2010 opus
688 1955 740 1994 esse
751 1940 861 1997 videntur
861 1941 960 2010 ‚paucis
970 1941 1010 1994 hic
1021 1900 1252 2009 comprehendimus

256 2053 258 2056 -
279 2021 310 2076 lit
318 2025 391 2094 prima
386 2024 497 2094 quidem
507 2024 609 2078 librit
572 2041 598 2078 sa
598 2025 643 2078 tira
649 2025 742 2095 priano,
754 2040 826 2096 quam
837 2032 892 2094 post
903 2040 924 2080 a.
939 2029 990 2084 100
999 2025 1113 2095 scriptam
1122 2026 1253 2081 essedarii

278 2105 353 2162 Prisci
364 2108 455 2162 mentio
464 2109 549 2173 docet,
560 2109 639 2178 ipsum
649 2109 775 2164 satirarum
785 2109 963 2164 scribendarum
975 2108 1114 2175 consilium,
1125 2117 1252 2182 postquam

279 2191 364 2246 eodem
375 2207 431 2250 cnm
441 2191 537 2262 reliquis
548 2193 627 2262 poesis
637 2193 774 2270 generibus¹
784 2194 836 2248 iure
845 2194 880 2247 uti
896 2193 977 2262 lepide
986 2193 1057 2247 evicit
1069 2193 1106 2260 (r.
1122 2198 1183 2249 1·—
1193 2198 1250 2263 18),

278 2275 370 2330 duabus
380 2276 484 2330 maxime
494 2277 572 2330 causis
582 2277 701 2332 defendit:
712 2277 817 2347 primum
826 2278 881 2348 qnia
891 2277 916 2331 iu
927 2283 993 2332 tauta
1002 2278 1114 2332 vitiorum
1125 2279 1251 2335 atrocitate
1284 2286 1288 2296 ’

277 2359 409 2431 indignatio
420 2373 493 2430 aegre
504 2361 653 2416 contineatur
667 2361 850 2431 (vat-so),
867 2361 953 2416 deinde
963 2361 1017 2432 quia
1027 2361 1121 2416 nullum
1131 2363 1251 2418 scribendi

277 2457 355 2513 geuus
369 2459 434 2498 nunc
444 2446 583 2514 ampliorem
593 2445 717 2500 materiam
727 2445 831 2500 inueniat
842 2445 880 2511 (v.
891 2446 924 2502 81
935 2449 1059 2514 —150);
1076 2454 1198 2514 postremo
1208 2461 1251 2502 re·

276 2527 311 2580 lut
328 2527 493 2596 interpellante
507 2529 636 2598 prudentia
646 2529 745 2584 callidae
760 2531 878 2584 cantionis
894 2536 1108 2597 temperamentum
1123 2531 1250 2598 pollicetur
1287 2514 1291 2528 ’

276 2610 311 2675 (v.
326 2615 375 2667 lhl
385 2637 421 2648 ·—
431 2611 502 2678 171).
534 2609 645 2668 Secundo
654 2613 725 2668 satira
737 2625 787 2668 nou
798 2613 934 2683 hypocritas
942 2618 1044 2675 tantum,
1055 2619 1083 2664 ιι
1092 2613 1117 2665 ιι
1128 2613 1249 2689 ueteribus

274 2693 417 2748 editionibus
434 2700 481 2758 est,
497 2697 536 2750 rel
554 2696 710 2768 philosophos
730 2696 862 2761 obscenos,
879 2695 922 2749 sed
942 2695 971 2748 ab
986 2695 1024 2748 his
1039 2695 1112 2748 modo
1131 2695 1248 2766 principio

274 2776 347 2830 ducto
360 2779 394 2845 (ι.
408 2782 467 2832 1-
477 2781 524 2848 35)
537 2795 633 2836 ornnem
643 2780 743 2834 masculi
753 2781 850 2850 generis
860 2779 1030 2848 turpitudinem
1041 2786 1066 2832 et
1077 2779 1202 2834 mollitiem
1214 2781 1248 2834 ila

273 2861 409 2925 insectatur,
421 2869 449 2916 ut
458 2864 562 2932 primum
567 2863 692 2920 baroniam
703 2863 828 2918 moecham
838 2863 863 2916 ιι
873 2862 1108 2932 marumuoluptates
1117 2865 1183 2920 omni
1194 2879 1248 2918 rnu-

273 2943 341 2998 liebri
358 2945 455 3002 libidine
470 2947 589 3002 foediores
601 2964 649 3003 non
659 2946 754 3002 inficeto
765 2946 938 3003 declamantem
948 2946 1044 3001 inducat
1056 2949 1089 3014 (r.
1102 2946 1246 3015 36—63),

272 3035 387 3084 tumvero
398 3045 430 3084 ue
439 3029 554 3086 honestos
560 3032 655 3102 quidem
666 3030 902 3085 bominescourmuni
912 3030 965 3084 labe
975 3030 1092 3084 abstinere
1098 3026 1249 3102 vestiumque

272 3113 391 3168 indecoris
407 3114 498 3168 deliciis
507 3115 572 3170 velut
587 3117 650 3170 viam
660 3114 690 3168 ad
703 3113 793 3170 maiora
810 3114 902 3185 flagitia
914 3115 1005 3183 aperire
1015 3122 1101 3184 arguat
1112 3115 1148 3180 (v.
1162 3119 1197 3173 70
1207 3143 1244 3156 -·

272 3198 331 3263 82),
347 3212 449 3268 quornm
467 3198 578 3266 deinceps
594 3196 688 3268 singula
699 3199 809 3274 exempla
823 3199 861 3252 uel
872 3213 903 3252 er
912 3197 1013 3252 uelanda
1024 3197 1176 3254 muliebrium
1186 3200 1247 3254 ceri·

237 3299 240 3302 ·
272 3282 406 3334 moniamm
423 3282 555 3335 imitatione
567 3281 602 3347 (r.
613 3284 692 3340 83-
703 3283 767 3348 lta)
779 3283 817 3336 rel
833 3296 864 3336 ex
881 3281 978 3336 ludicris
994 3283 1111 3336 maiorum
1127 3286 1246 3356 grauitate

271 3364 377 3436 indignis
390 3365 425 3429 (u.
439 3369 537 3422 143-
548 3367 608 3432 158)
619 3366 692 3434 petita
709 3373 814 3430 enarrat,
833 3366 1064 3438 fortissimorumque
1081 3368 1186 3422 uirorum
1201 3383 1245 3436 po·
1310 3423 1313 3427 ,

272 3455 349 3502 steros
361 3447 389 3501 ιι
401 3448 471 3517 ipsis,
483 3447 568 3518 quibus
579 3448 704 3518 imperent,
721 3449 931 3505 barbarismorum
942 3450 1060 3519 probitate
1070 3452 1176 3520 superari
1186 3465 1244 3521 que-

270 3531 376 3597 ritur(v.
393 3534 443 3587 159
452 3533 570 3598 -ιιθι
593 3533 686 3588 Tatiae
694 3533 781 3591 satirae
796 3535 898 3604 plurima
908 3535 997 3604 parsiu
1009 3532 1123 3590 Umbricii
1134 3533 1245 3604 querellis

270 3622 384 3672 uersatur.
399 3615 469 3668 cuius
477 3614 522 3668 suh
530 3629 642 3685 persona,
654 3618 712 3675 dum
723 3617 800 3672 Roma
811 3619 894 3673 relicta
900 3618 989 3674 Cumas
996 3619 1166 3688 transmigrare
1178 3622 1245 3685 parat

271 3696 308 3764 (u.
319 3699 445 3765 1ψ-28),
457 3705 528 3768 poeta
538 3700 643 3762 urbanae
652 3703 714 3762 ritae
725 3702 878 3760 incommoda
888 3703 1056 3774 quadripertita
1072 3701 1180 3755 oratione
1189 3715 1244 3770 per·

268 3781 397 3854 aequauit
408 3782 512 3852 primum
526 3785 581 3856 qnia
592 3785 699 3842 honestis
714 3786 806 3842 artibus
814 3788 894 3842 nullus
908 3788 956 3853 iam
967 3787 1034 3842 locus
1050 3786 1147 3839 relictus
1161 3785 1194 3838 sit
1204 3783 1241 3852 (r.
