3050 4484
638 476 763 527 surum
785 478 832 524 vt.
903 507 905 510 -

240 620 418 697 Praecipuus
441 625 535 675 tamen
559 625 604 675 est
626 616 743 693 horum,
767 612 816 694 qui
835 618 955 693 saepius
975 617 1054 694 exul,

243 700 344 783 [Cuius
368 701 489 761 amicitia
517 700 763 778 conducendaque
786 699 895 760 tabella

241 786 361 862 Magnus
383 786 454 844 civis
478 784 540 847 obit
561 792 590 843 et
611 784 780 844 formidatus
805 782 933 859 Othoni}

241 868 310 929 lude
332 869 404 929 fides
428 870 514 943 artis,
540 869 636 927 sonuit
659 870 683 928 si
705 868 828 929 dextera
849 868 930 927 ferro
1177 880 1230 933 560

240 952 410 1031 Laetaque,
433 953 457 1011 si
479 952 568 1029 longo
588 962 751 1012 castrorum
773 954 802 1011 in
825 968 947 1011 carcere
969 951 1081 1010 mansit.

239 1034 331 1095 Nemo
355 1035 572 1096 mathematicus
595 1038 711 1113 genium
736 1036 915 1095 indemnatus
933 1032 1069 1093 habebit:

240 1118 300 1179 Sed
321 1120 369 1199 qui
391 1136 485 1199 paene
509 1121 602 1197 perit,
624 1122 670 1179 cui
691 1120 740 1179 vix
761 1122 791 1179 in
814 1116 944 1193 Cyclada
966 1119 1040 1177 mitti

240 1200 369 1279 Contigit
391 1212 420 1261 et
441 1220 530 1280 parva
553 1204 666 1263 tandem
688 1204 817 1263 caruisse
841 1200 977 1279 Seripho,

235 1284 372 1345 Consulit
395 1286 533 1345 ictericae
555 1286 633 1345 lento
657 1287 693 1345 de
716 1287 820 1346 iuuere
840 1286 950 1359 mamm,
1177 1292 1227 1349 565

238 1368 315 1428 Ante
337 1377 431 1427 tamen
454 1369 491 1429 de
513 1377 543 1428 te
566 1368 705 1447 Tanaquil
728 1380 793 1446 tua,
817 1369 932 1449 quando
958 1384 1092 1427 sororem
1132 1397 1139 1414 ι
1219 1407 1222 1420 ·

238 1451 351 1511 Efferat
373 1460 401 1511 et
426 1461 561 1530 patruos,
585 1471 621 1512 an
643 1456 680 1513 sit
702 1455 831 1513 victurus
854 1452 968 1513 adulter

238 1534 308 1596 Post
329 1535 435 1612 ipsam;
461 1537 529 1614 quid
549 1538 624 1596 euim
646 1540 736 1597 maius
759 1538 830 1597 dare
850 1537 964 1595 numina
986 1531 1130 1613 possunt?
1149 1569 1153 1574 ·

280 1618 361 1677 Haec
381 1628 477 1679 tamen
499 1621 630 1697 ignorat,
654 1622 722 1698 quid
746 1622 825 1682 sidus
847 1621 930 1681 triste
953 1621 1076 1678 minetur

238 1702 369 1776 Saturni,
394 1720 452 1780 quo
475 1703 552 1763 laeta
571 1704 671 1763 Venus
694 1723 727 1765 se
749 1705 882 1783 proferat
902 1712 994 1778 astro,
1175 1712 1228 1768 570

238 1786 298 1858 Qui
315 1788 423 1844 mensis
447 1786 572 1862 damnis,
597 1806 671 1865 quae
694 1789 797 1847 deutur
818 1798 951 1865 tempora
973 1786 1072 1852 lucro;

236 1868 318 1929 lilius
341 1885 483 1929 occursus
508 1871 594 1930 etiam
615 1872 709 1931 vitare
731 1880 888 1946 memento,

236 1952 269 2011 ln
293 1955 374 2013 euius
397 1952 526 2013 manibus
549 1972 604 2014 ceu
627 1956 745 2033 pinguia
767 1958 886 2015 succina
907 1954 989 2013 tritas

236 2034 340 2096 Cernis
362 2037 583 2116 ephemeridas,
608 2056 683 2117 quae
706 2040 815 2099 nullum
837 2037 963 2097 consulit
985 2039 1093 2097 etiam

237 2118 419 2197 Consulum,
447 2140 521 2200 quae
545 2132 639 2182 castra
662 2123 726 2182 viro
749 2124 927 2200 patriamque
952 2128 1072 2197 petente
1173 2131 1225 2186 575

227 2202 302 2272 ,Nou
323 2202 377 2263 ibit
399 2208 525 2283 pariter,
552 2208 679 2267 numeris
701 2213 841 2266 reuocata
864 2202 1020 2277 Thrasylli.

234 2286 282 2347 Ad
305 2290 426 2365 primum
448 2290 575 2367 lapidem
596 2292 707 2351 vectari
729 2308 815 2367 quum
836 2289 951 2367 placet,
976 2285 1050 2348 bora

235 2370 362 2431 Sumitur
387 2390 425 2432 ex
446 2372 538 2441 libro;
562 2374 587 2432 si
609 2375 701 2452 prurit
720 2374 822 2433 frictus
844 2373 934 2434 ocelli

234 2450 384 2531 ningulus,
407 2456 540 2534 inspecta
560 2459 665 2533 genesi
688 2458 810 2532 collyria
831 2458 937 2534 poscit.
972 2507 974 2510 .

234 2537 336 2615 Aegra
356 2539 426 2599 licet
449 2541 559 2617 iaceat,
587 2542 730 2618 capiendo
752 2541 831 2601 nulla
851 2541 966 2601 uidetur
1173 2550 1226 2604 580

233 2621 341 2699 Aptior
365 2621 438 2683 hora
462 2623 544 2699 cibo,
567 2625 623 2683 uisi
647 2642 730 2701 quam
754 2625 869 2685 dederit
893 2622 1043 2683 Petosiris.

233 2706 266 2765 Si
287 2705 445 2765 mediocris
468 2708 541 2783 erit,
564 2710 687 2786 spatium
709 2707 842 2768 lustrabit
861 2709 1004 2785 utrimque

232 2786 375 2848 dictarum
398 2800 428 2849 et
453 2800 547 2850 sortes
571 2792 658 2852 ducet
680 2792 864 2869 irontemque
885 2807 1058 2869 manumque

232 2871 391 2932 Praebebit
411 2876 469 2934 vati
490 2874 625 2949 crebrum
648 2890 811 2953 poppysma
833 2876 958 2951 roganti.

232 2954 378 3015 Divitibus
403 2975 547 3035 responsa
570 2957 678 3018 dabunt
698 2958 795 3033 Phryx
817 2958 909 3034 augui
931 2966 960 3016 et
981 2954 1097 3031 induis
1173 2966 1225 3021 585

234 3036 404 3099 (louductus
428 3040 506 3101 dabit
529 3050 670 3101 astrorum
684 3042 846 3119 ,mundique
867 3042 989 3117 peritus,

232 3121 331 3199 Atque
354 3123 459 3202 aliquis
480 3126 597 3200 senior,
613 3126 671 3203 'qui
694 3125 812 3203 publica
834 3124 949 3200 fulgura
969 3121 1082 3181 condit:

233 3203 383 3265 Plebeium
402 3210 432 3267 in
454 3208 534 3268 circo
558 3210 682 3287 positum
704 3218 749 3267 est
770 3217 800 3267 et
819 3208 850 3267 io
870 3224 981 3285 aggere
1004 3206 1103 3267 iatum.

234 3286 317 3359 Quae
339 3290 421 3349 nudis
442 3291 560 3367 longum
582 3292 709 3353 ostendit
730 3290 895 3351 cervicibus
918 3308 1036 3364 armum,

144 3397 149 3408 ·
235 3368 369 3433 Consulit
391 3382 456 3433 ante
476 3374 550 3435 falas
574 3376 833 3454 delphinorumque
855 3376 1049 3451 columnus,⁴
1172 3382 1225 3437 590

234 3454 280 3513 An
302 3474 373 3533 saga
395 3456 531 3517 vendenti
554 3458 658 3534 nubat,
682 3476 815 3537 caupone
840 3460 957 3519 relicto.

276 3538 337 3599 Hae
360 3549 457 3599 tamen
479 3549 508 3599 et
531 3551 629 3618 partus
653 3542 778 3602 subeunt
801 3542 958 3602 discrimen
979 3548 1009 3599 et
1031 3555 1133 3599 omnes

235 3620 363 3682 Nutricis
386 3623 512 3695 tolerant
531 3625 646 3685 fortuna
666 3635 790 3703 urgente
812 3625 945 3690 laborem

235 3705 294 3767 Sed
317 3706 393 3768 iacet
414 3716 524 3788 aurato
539 3709 588 3770 vix
610 3708 669 3769 ulla
690 3708 951 3829 puerperallecto.
