3050 4484
611 451 735 500 sarran
757 452 806 501 ux.
968 492 970 497 .
1185 414 1226 504 63

244 590 326 654 Veia
339 598 438 668 tegant
458 590 561 665 rimas,
583 590 681 667 iunge
694 584 785 666 uitia,
802 590 896 651 tollite
914 589 1021 664 lumen,
1064 620 1068 630 ·
1174 602 1225 655 105

244 673 269 734 E
290 674 385 735 medio
408 674 474 733 face
495 681 561 733 eant
582 688 698 749 omnes,
721 690 815 752 prope
837 689 922 733 nemo
943 672 1107 734 recumbat:

245 755 328 830 Quod
351 766 454 834 tamen,
467 756 503 817 ad
525 765 639 817 cantum
659 757 729 835 galli
751 756 825 817 iacit
838 756 890 817 iile
910 756 1041 830 secundi,

243 839 392 900 Proximus
415 848 480 901 ante
502 839 578 900 diem
600 858 694 919 caupo
716 842 805 906 sciet:
826 840 925 899 audiet
945 847 975 899 et
994 858 1084 917 qaae·

242 921 399 983 Finxerunt
415 924 524 1001 pariter
545 922 696 998 librarius,
719 923 913 1001 archimagiri,

243 1004 411 1085 carptores.
448 1006 533 1079 Quod
552 1008 626 1067 enim
646 1007 774 1068 dubitant
795 1022 973 1085 componere
997 1007 1125 1067 crimen*
1174 1018 1226 1071 lto

241 1088 272 1149 In
293 1090 442 1165 dominos,
466 1091 579 1167 quoties
598 1088 761 1151 rumoribus
781 1089 958 1150 ulciscuntur
1182 1087 1184 1090 ’

241 1170 362 1233 Baltea?
383 1190 439 1235 nec
462 1172 572 1249 deerit,
596 1176 645 1251 qui
664 1182 693 1233 tc
716 1192 770 1252 per
792 1173 917 1251 compita
941 1182 1060 1250 quaerat

240 1254 395 1317 Nolentem
418 1264 447 1316 et
468 1257 602 1317 miseram
623 1258 742 1316 vinosus
762 1256 886 1315 inebriet
911 1274 1019 1316 aurem.

240 1338 311 1399 lllos
332 1356 403 1417 crgo
423 1356 527 1417 roges,
550 1340 687 1419 quidquid
706 1340 793 1418 paulo
811 1348 877 1399 ante
896 1339 1020 1417 petebas

240 1421 265 1480 Α
288 1420 385 1492 nonis;
409 1431 525 1483 taceant
543 1423 601 1483 illi:
625 1424 677 1483 sed
698 1423 825 1502 prodere
847 1422 954 1482 malunt
1173 1436 1223 1488 115

239 1504 398 1582 Arcanum,
423 1524 507 1584 quam
530 1506 660 1586 subrepti
681 1516 785 1585 potare
807 1504 922 1567 Falerni

238 1587 295 1648 Pro
320 1590 429 1669 populo
451 1590 563 1649 iaciens
587 1598 720 1669 quantum
743 1588 861 1651 Saufeia
882 1587 1008 1649 bibebat.

160 1714 164 1717 -
238 1670 398 1732 vivendum
423 1682 505 1733 recte
528 1680 587 1749 est,
617 1693 701 1752 quum
724 1682 846 1751 propter
866 1672 1004 1751 plurima,
1027 1679 1085 1732 turn
1106 1674 1155 1735 uel

236 1752 351 1815 Idcirco
372 1765 402 1815 ut
425 1758 522 1835 possis
546 1756 670 1835 linguam
691 1764 878 1817 rontemnere
902 1756 989 1815 servi.
1228 1816 1232 1821 ,

237 1836 400 1917 Praecipue
425 1842 575 1916 caussis,
599 1849 629 1899 ut
649 1840 990 1917 linguasmancipiorum
1170 1852 1223 1905 ltu

240 1918 429 1992 contemnam
455 1940 519 1983 nam
541 1924 638 2001 lingua
659 1924 726 1982 mali
746 1940 816 2001 pars
837 1924 964 2001 pessima
990 1923 1082 1991 scrvi;

237 2003 374 2065 Deterior
395 2016 490 2066 tamen
510 2004 573 2082 hic,
596 2007 643 2083 qui
666 2006 741 2065 liber
762 2023 821 2065 non
844 2007 898 2064 erit
919 2005 987 2079 illis,

238 2085 366 2160 Quorum
389 2090 547 2149 animaret
571 2089 648 2149 farre
670 2106 723 2148 suo
748 2088 874 2149 custodit
897 2096 927 2147 et
947 2104 1026 2147 aere.

279 2170 380 2247 „Utile
403 2172 553 2233 consilium
575 2172 678 2248 modo,
700 2172 754 2232 sed
780 2188 945 2245 commune,
968 2170 1087 2231 dedisti:

232 2252 318 2314 Nunc
333 2255 401 2315 mibi
418 2254 485 2334 quid
501 2255 606 2318 suades
623 2264 691 2333 post
706 2256 838 2315 damnum
854 2255 994 2333 temporis
1010 2262 1040 2314 et
1056 2271 1125 2333 spes
1169 2264 1220 2317 125

234 2334 406 2416 Deceptae?
427 2338 544 2398 festinat
562 2339 635 2397 enim
655 2337 820 2399 decurrere
833 2337 923 2397 velox

233 2418 388 2481 Flosculus
412 2430 551 2499 angustae
573 2422 756 2500 miseraeque
778 2421 950 2482 brevissima
972 2421 1049 2480 vitae

233 2502 346 2573 Portio;
369 2504 434 2565 dum
455 2504 596 2581 bibimus,
618 2504 683 2565 dum
706 2514 801 2582 serta,
824 2512 986 2581 unguenta,
1009 2502 1123 2583 puellas

232 2586 398 2663 Posuimus,
423 2588 538 2667 obrepit
561 2605 618 2647 non
636 2588 785 2650 intellecta
807 2591 978 2649 senectus.“

231 2669 276 2730 Ne
299 2672 412 2749 trepida
422 2669 431 2731 ἑ
452 2690 602 2750 numquam
623 2672 754 2753 pathicus
775 2672 827 2732 tibi
846 2672 940 2732 deerit
961 2673 1080 2748 amicus,
1136 2704 1140 2713 ·
1167 2678 1219 2733 loo

233 2754 378 2813 stantibus
401 2764 430 2815 et
452 2757 541 2815 salvis
562 2756 607 2815 his
630 2756 769 2824 collibus;
793 2755 919 2833 undique
940 2756 977 2816 ad
997 2755 1065 2815 illos

234 2835 414 2897 Conuenient
436 2848 465 2899 et
491 2840 635 2917 carpentis
658 2848 687 2900 et
707 2840 828 2899 navibus
851 2856 962 2913 ornnes,

233 2919 288 2993 Qui
311 2920 400 2997 digito
420 2922 554 3001 scalpunt
576 2938 633 2981 uno
657 2932 750 3001 caput.
787 2923 888 2982 Altera
907 2922 999 2982 maior

232 3004 309 3082 Spes
328 3014 479 3083 superest:
502 3014 532 3065 tu
551 3014 657 3065 tanturn
680 3008 775 3065 erucis
797 3007 928 3084 imprime
946 3005 1070 3065 dentem.

131 3122 134 3128 ,
232 3086 337 3161 „Haec
359 3089 493 3167 exempla
516 3106 587 3167 para
609 3088 758 3157 felicibus3
783 3098 812 3149 at
832 3106 897 3149 mea
920 3086 1027 3148 Glotbo
1166 3096 1215 3151 135

214 3166 270 3249 ,Et
291 3169 431 3232 Lachesis
457 3173 599 3249 gaudent,
627 3175 652 3233 si
676 3175 806 3252 pascitur
826 3173 943 3250 inguine
967 3180 1080 3231 venter.

232 3252 255 3313 0
278 3256 359 3333 parvi
381 3258 531 3335 nostrique
552 3256 657 3332 Lares,
683 3274 755 3335 quos
774 3266 838 3316 ture
859 3258 966 3316 minuto

232 3337 290 3397 Aut
313 3338 390 3398 farne
418 3347 447 3398 et
468 3342 545 3399 tenui
570 3342 655 3401 soleo
678 3357 802 3401 exorare
825 3355 944 3415 corona,

232 3418 353 3493 Quando
377 3439 434 3499 ego
456 3423 541 3501 figam
564 3424 687 3501 aliquid,
709 3442 767 3503 quo
789 3426 826 3483 sit
845 3424 914 3484 mibi
934 3432 994 3483 tata
1017 3428 1154 3481 senectus

231 3504 257 3563 Α
279 3514 378 3583 tegete
403 3515 432 3565 et
453 3504 581 3566 baculo?
600 3509 701 3583 viginti
722 3506 799 3567 milia
833 3507 917 3568 ienus
1163 3510 1214 3565 mo
1252 3553 1255 3560 .

230 3586 401 3665 Pigneribus
425 3590 545 3669 positis,
565 3592 683 3667 argenti
697 3590 816 3652 vascula
836 3592 910 3669 puri,

231 3672 290 3732 Sed
310 3691 383 3750 quae
404 3672 553 3733 Fabricius
574 3690 679 3733 censor
700 3682 796 3750 notet,
824 3682 853 3732 et
877 3671 1049 3731 duo'iortes
