3050 4484
647 451 855 502 PRAEFATIO.
1213 453 1241 504 V

259 599 352 670 positos
363 599 387 654 iu
397 600 466 654 novis
476 599 574 654 demum
584 601 692 670 seriptis,
705 601 792 670 quibus
801 613 844 655 eos
857 608 928 670 poeta
938 601 1080 663 infersisset,
1094 601 1123 656 ab
1136 601 1239 670 impera-

260 690 314 738 tore
323 684 348 736 in
358 685 394 738 sni
405 683 520 754 temporis
531 683 680 740 notationem
696 692 809 754 acceptos
827 700 880 740 ease
889 685 987 748 volunt,
1006 685 1036 740 de
1047 685 1147 742 Traiano
1158 686 1243 755 potios

261 769 382 839 cogitasse
399 769 522 831 videntur,
541 783 612 840 quem
631 769 743 840 Pyladem
760 770 897 823 saltatorem
916 770 940 823 in
956 769 1047 824 deliciis
1063 769 1174 824 habuisse
1191 767 1242 824 [tio

261 851 327 906 Cass.
339 851 443 907 LXVlll.
456 843 490 908 io
500 859 588 908 narrat.
621 854 709 908 chm
722 855 790 908 enim
807 855 865 908 ve'ro
882 867 960 924 neque
977 856 997 908 is
1008 854 1054 908 luit
1064 854 1184 919 Traianus,
1196 852 1240 924 qui

259 935 381 990 histrionis
398 937 473 1004 lavori
492 937 653 1008 praefecturas
670 945 694 994 et
711 938 848 994 tribunatus
872 938 1022 1008 indulgeret,
1038 953 1116 1009 neque
1129 937 1175 992 sub
1190 936 1240 991 boc

260 1020 397 1074 Iuvenalem
407 1021 495 1076 obiisse
508 1028 601 1076 eertum
611 1030 648 1077 est
658 1044 663 1084 ;
675 1023 739 1094 quod
751 1022 791 1077 ubi
802 1022 877 1077 semel
889 1023 918 1076 ab
925 1022 1036 1077 Hadriani
1046 1023 1147 1092 imperio
1157 1036 1241 1076 mmo·

259 1105 309 1158 veri
326 1111 411 1174 poetae
428 1106 526 1160 exilium
542 1121 641 1162 necesse
659 1115 709 1171 est,
728 1107 786 1161 nilril
798 1114 838 1162 aut
848 1107 979 1176 simplicius
992 1113 1034 1161 aut
1049 1108 1126 1160 tutius
1135 1106 1239 1169 ridetur,

222 1205 224 1212 ¹
259 1204 330 1260 quam
341 1195 368 1243 ut
378 1189 495 1259 plurimos
508 1198 617 1246 auctores
629 1192 706 1246 secuti
717 1191 746 1246 ad
758 1191 921 1246 Domitianum
931 1191 1064 1255 redeamus,
1075 1204 1148 1262 quem
1158 1197 1183 1244 et
1192 1188 1241 1243 aa·

259 1274 335 1327 ridem
352 1273 436 1328 ulcisci
453 1277 557 1328 maxime
574 1281 761 1330 cousentaneum
780 1282 831 1329 erat
842 1281 867 1328 et
883 1274 941 1330 illud
951 1276 1049 1330 ultionis
1060 1289 1151 1346 genus,
1173 1273 1238 1343 quod

259 1365 330 1428 poeta
342 1365 455 1426 expertos
466 1366 509 1420 est,
521 1361 597 1414 multo
610 1361 688 1430 magis
702 1375 774 1430 quam
785 1359 911 1414 Traianum
920 1359 1015 1421 decuita
1026 1357 1174 1414 immo‘baud
1186 1358 1238 1411 scio

260 1457 289 1496 an
301 1441 353 1511 ipse
364 1441 478 1498 Traiarms
493 1444 571 1513 primo
583 1458 626 1513 per
643 1457 748 1498 errorem
765 1444 790 1497 iu
805 1443 955 1498 librariorum
973 1459 1058 1500 manus
1073 1442 1178 1505 renent,
1197 1441 1238 1512 qui

259 1525 357 1597 tyranni
368 1525 564 1595 appellationem,
577 1543 624 1598 qua
634 1518 695 1582 unus
706 1541 791 1582 eorum
801 1543 859 1582 usos
869 1534 918 1591 est,
930 1543 943 1582 a
955 1527 1091 1582 Domitiano
1104 1526 1134 1580 ad
1144 1521 1239 1580 Traiani

259 1625 347 1664 nomeu
359 1609 535 1680 detorquerent.
566 1612 637 1682 iltpri
650 1611 799 1668 Domitianus
813 1613 835 1665 si
844 1611 980 1666 Iuvenalem
995 1627 1098 1683 peregre
1109 1610 1237 1681 ablegavit,

259 1695 323 1748 ultro
335 1695 454 1764 sequitur,
473 1702 501 1749 ut
512 1696 573 1750 mori
583 1695 624 1750 hie
640 1697 664 1750 iu
676 1696 747 1750 exilio
765 1711 815 1750 non
825 1697 943 1766 potnerit:
963 1696 1051 1766 quippe
1065 1704 1089 1750 et
1099 1693 1240 1765 posterioris

260 1779 343 1833 aetatis
353 1793 392 1831 ros
402 1785 523 1849 tamquam
541 1779 651 1835 oculatus
661 1781 730 1835 testis
743 1780 819 1834 refert
836 1780 934 1850 etipsas
944 1781 1041 1844 satiras,
1059 1793 1160 1850 quarum
1170 1792 1239 1831 eom·

259 1863 340 1932 plures
350 1877 446 1916 scenam
456 1861 548 1918 Romae
563 1864 664 1928 habent,
684 1869 739 1934 post
749 1863 880 1918 Domitiani
896 1865 994 1918 demum
1009 1872 1112 1918 mortem
1127 1863 1237 1931 scripsit;

259 1954 381 2016 postremo
394 1947 532 2018 plerosque,
546 1965 606 2018 quos
617 1948 768 2003 Domitianus
778 1948 866 2010 iniuste
876 1949 992 2012 eiecisset,
1007 1949 1088 2003 occbo
1099 1948 1149 2011 illo,
1162 1961 1239 2017 quum

260 2031 339 2085 omuia
350 2045 410 2101 quae
420 2037 535 2086 statuerat
547 2033 571 2086 iu
581 2033 674 2087 irritum
684 2032 835 2095 ducerentur,
847 2031 878 2085 de
888 2033 959 2086 exilio
971 2033 1070 2087 rediise
1078 2032 1240 2101 Hieronymus

260 2115 288 2170 ad
299 2113 388 2168 Euseb.
398 2114 488 2170 Chron.
497 2114 535 2173 Ol.
547 2119 599 2173 219
608 2123 723 2178 testatur:
735 2115 821 2188 mribus
832 2117 876 2170 etsi
888 2132 950 2170 riuus
963 2116 1091 2170 scholiasta
1102 2115 1238 2170 iuvenalem

259 2199 347 2253 diserte
357 2199 448 2263 eximit,
460 2201 520 2254 alius
531 2216 579 2254 nou
589 2203 669 2256 minus
680 2201 743 2255 clare
752 2200 855 2254 eundem
861 2199 964 2254 liomam
975 2215 1096 2254 reversum
1105 2198 1238 2253 Martialem

258 2297 330 2336 suum
341 2282 487 2338 desiderasse
501 2291 594 2351 narrat,
617 2286 657 2356 qui
674 2291 801 2355 postquam
816 2283 861 2338 sub
878 2283 971 2338 Nervae
987 2283 1116 2354 primordia
1131 2281 1238 2336 Bilbilim

258 2367 359 2436 patriam
375 2368 484 2435 repetiit,
507 2367 562 2421 inde
578 2367 663 2440 Epigr.
678 2368 731 2424 llll.
751 2369 785 2423 18
800 2367 936 2421 iuvenalem
952 2375 1074 2439 tamquam
1090 2367 1193 2421 deroso
1211 2365 1240 2419 io

257 2448 353 2506 &aaa
369 2457 484 2505 mantem
495 2452 617 2518 salutavit,
633 2467 737 2522 moxque
749 2452 810 2506 intra
820 2453 911 2520 primos
921 2451 1014 2507 Traiani
1029 2466 1104 2506 annos
1115 2451 1203 2505 ibidem
1214 2449 1239 2502 in

258 2533 370 2604 Hispania
379 2535 496 2599 decessit3
508 2536 539 2590 ci.
546 2535 624 2606 intpp.
631 2536 693 2590 Plio.
703 2535 779 2606 Epist.
786 2534 826 2591 lll.
838 2541 886 2598 ila
898 2535 970 2590 huius
980 2537 1056 2607 igitur
1066 2535 1238 2599 testimonium,

258 2619 322 2690 quod
333 2617 446 2673 Martialis
456 2621 585 2674 anactoritas
598 2619 729 2682 continuat,
742 2619 845 2690 amplexi
855 2620 885 2674 ab
896 2619 971 2674 altero
982 2620 1041 2674 illud
1054 2619 1126 2673 modo
1137 2618 1243 2686 accipie*

258 2719 325 2765 mus,
344 2703 368 2757 iu
386 2719 433 2773 quo
449 2709 551 2774 uterque
567 2705 700 2771 consentit,
722 2711 777 2758 ante
787 2720 861 2758 nonos
870 2705 1008 2776 pompae,
1026 2704 1073 2757 lroc
1089 2701 1239 2756 estNervam

259 2795 284 2842 et
298 2787 438 2851 Traianum,
451 2795 547 2857 poetam
557 2789 692 2860 relegatum
703 2803 770 2849 esse;
781 2789 866 2843 mortis
876 2795 987 2857 tempus,
1001 2802 1072 2858 quam
1083 2787 1158 2841 redux
1170 2784 1237 2847 obiit,

259 2886 332 2942 quum
344 2871 389 2926 sut
400 2871 499 2926 baiano
516 2872 574 2941 poni
584 2879 699 2943 nequeat,
717 2879 799 2926 utrum
817 2872 846 2926 ad
860 2871 971 2926 lladriaui
983 2887 1013 2925 an
1030 2871 1094 2942 quod
1110 2870 1150 2924 ille
1167 2868 1242 2923 tradit

260 2955 289 3010 ad
299 2955 412 3011 antonini
423 2955 458 3010 Pii
471 2957 596 3026 imperium
607 2957 735 3025 pertineat,
744 2957 769 3010 in
780 2955 894 3026 ambiguo
905 2956 1073 3026 relinquemus.

344 3041 466 3104 Quantum
483 3041 558 3111 igitur
568 3041 593 3094 in
604 3041 676 3095 tantis
691 3039 797 3095 tenebris
808 3039 876 3110 qnasi
888 3054 931 3108 per
938 3046 1092 3094 transennam
1104 3038 1242 3108 aspicienti-

259 3125 306 3179 bus
318 3125 454 3180 couiectura
465 3125 558 3196 assequi
569 3125 640 3188 licet,
659 3123 809 3179 Domitianus
820 3123 955 3178 iuvenalem
965 3121 1012 3178 sub
1023 3122 1124 3177 honesta
1140 3122 1242 3175 militiae

181 3251 185 3264 .
260 3209 447 3279 speeieexulare
463 3209 545 3272 iussit,
565 3207 788 3274 siredvoParide,
806 3221 878 3280 quem
889 3214 970 3263 tamen
981 3208 1061 3277 ipsum
1075 3207 1201 3262 iamattb
1212 3220 1240 3274 p.

261 3292 318 3348 Cirr.
339 3293 448 3348 adulterii
466 3293 565 3348 numine
581 3293 682 3363 periisse
696 3293 769 3347 tradit
785 3291 830 3346 Dio
846 3291 914 3347 Cass.
926 3290 1021 3348 LXVII.
1033 3293 1058 3357 3,
1070 3291 1120 3345 sive
1131 3295 1237 3352 mortuo,

260 3377 315 3449 quia
327 3377 390 3432 illius
401 3377 498 3431 nomine
516 3393 542 3432 se
561 3375 638 3432 notari
649 3370 800 3432 Domitianus
811 3377 985 3446 suspicaretura
1002 3374 1050 3429 hoo
1065 3380 1145 3428 autem
1160 3373 1241 3440 posito

260 3462 281 3516 si
291 3461 385 3516 deloco
397 3461 461 3514 exilii
472 3463 621 3531 quaerimus,
633 3461 674 3516 vix
687 3462 858 3532 intelligimus,
871 3460 992 3532 quomodo
1006 3463 1044 3512 tot
1054 3457 1164 3510 homines
1175 3455 1241 3509 docti

261 3545 333 3600 eliam
352 3559 417 3600 nunc
428 3545 565 3616 Aegyptum
580 3544 661 3600 Scotis
681 3547 719 3600 vel
730 3553 757 3600 ut
768 3560 798 3599 ex
809 3545 879 3598 istius
890 3545 975 3598 aetatis
990 3557 1036 3596 usu
1052 3541 1143 3594 rectius
1153 3539 1242 3594 dieitur

261 3629 405 3684 Caledoniae
417 3628 536 3700 praeferre
553 3631 700 3692 sustineant,
716 3644 787 3699 qoam
799 3630 847 3682 iam
858 3629 882 3681 in
893 3627 934 3681 illo
945 3625 1069 3698 prooemio
1081 3622 1193 3678 omuibus
1203 3637 1242 3676 ra·

261 3713 366 3767 tionibus
377 3713 502 3768 subductis
517 3713 594 3767 mullo
612 3712 692 3781 plures
709 3711 882 3782 probabilitatis
897 3725 1012 3766 numeros
1028 3708 1117 3762 babere
1136 3705 1243 3762 ostendi-

261 3813 324 3852 mua.
346 3796 415 3852 Mitto
429 3796 579 3865 Terrlielium
591 3796 631 3868 qui
643 3796 667 3850 iu
677 3795 706 3850 N.
715 3796 797 3852 dnual.
811 3798 878 3851 1845
890 3795 918 3850 Τ.
929 3793 1012 3861 XLlll,
1025 3809 1050 3864 p.
1064 3796 1114 3850 109
1127 3806 1170 3862 pro
1182 3789 1241 3842 Tra·
