3050 4484
569 452 750 501 superorum
773 452 909 503 sauma.
931 442 935 451 '

245 610 296 669 Sic
312 606 410 667 itidem
425 606 553 667 Romana
569 625 685 683 manus,
702 608 880 668 contendere
904 618 1056 689 postquam

244 691 363 753 Destitit
380 701 409 750 ct
424 708 527 770 pacem
549 691 645 768 longis
659 691 785 752 frenavit
800 692 936 768 habenis,

244 774 313 853 lpsa
328 776 402 835 domi
421 776 506 853 leges
525 782 554 833 et
569 774 654 835 Graia
669 778 785 835 inventa
799 783 961 837 retractans

246 858 348 919 Omnia
364 858 509 919 bellorum
523 867 600 917 terra
616 862 747 937 quaesita
761 861 892 937 marique

245 941 376 1001 Praemia
392 942 515 1001 consilio
532 952 562 1001 et
576 943 656 1002 molli
673 946 787 1003 ratione
802 943 936 1019 regebat.

244 1024 345 1085 Stabat
361 1026 389 1083 in
406 1026 466 1094 his;
488 1044 582 1103 neque
599 1029 673 1086 eninr
690 1036 806 1105 poterat
823 1036 957 1087 constare
974 1028 1037 1087 sine
1052 1029 1139 1107 ipsis,

246 1108 305 1167 Aut
323 1109 429 1168 frustra
445 1111 529 1168 uxori
547 1111 729 1188 mendaxque
747 1111 897 1189 Diespiter
913 1112 996 1171 olim:

244 1190 412 1271 Imperium
426 1195 492 1254 mos
509 1193 569 1270 litte
589 1194 672 1270 dedi,
689 1194 798 1254 dixisse
814 1194 964 1274 probatur.

246 1274 329 1334 Nunc
345 1277 431 1353 igitur
447 1278 495 1355 qni
511 1295 560 1335 res
574 1276 719 1336 Romanas
734 1280 857 1357 imperat
878 1279 970 1353 inter,

244 1358 309 1417 Non
325 1358 409 1418 trabe
425 1360 477 1419 sed
493 1368 577 1437 tergo
593 1360 749 1439 prolapsus
767 1370 796 1421 et
811 1362 939 1438 ingluvie
954 1361 1054 1438 albus,

243 1440 282 1501 tu
297 1442 389 1502 studia
405 1452 434 1501 et
450 1444 567 1521 sapiens
583 1443 727 1503 bominum
741 1462 906 1523 nomenque
921 1464 1074 1524 genusque

245 1524 345 1584 Omnia
363 1525 443 1585 abire
462 1527 542 1586 ionas
556 1537 644 1605 atque
659 1528 730 1587 urbe
748 1529 897 1589 excedere
913 1530 1004 1588 iussit.

245 1606 320 1680 Quid
335 1608 481 1669 iacimus?
511 1609 614 1671 Graios
629 1610 833 1691 hominumque
848 1612 1015 1690 reliquimus
1030 1612 1135 1691 nrbes,

244 1690 284 1750 Ut
299 1690 428 1753 Romana
443 1694 522 1753 ioret
536 1695 628 1771 magis
645 1696 690 1754 bis
703 1698 846 1761 instructa
860 1698 1020 1773 magistris;

243 1772 343 1850 Nunc,
361 1772 525 1855 capitolino
541 1776 632 1837 veluti
648 1779 782 1839 turbante
798 1777 922 1840 camillo
1009 1789 1011 1792 ’

242 1857 370 1917 Ensibus
386 1870 416 1919 et
432 1862 537 1920 trutina
554 1860 629 1921 Galli
642 1862 747 1940 ingere
768 1863 890 1939 relicta,

243 1942 293 2001 Sic
307 1944 400 2002 nostri
416 1945 516 2021 palare
532 1962 620 2003 senes
637 1945 770 2005 dicuntur
785 1956 815 2005 et
829 1949 886 2024 ipsi

242 2024 281 2084 Ut
296 2025 390 2085 ferale
407 2044 477 2085 suos
494 2043 566 2085 onus
583 2029 746 2106 exstirpare
764 2028 892 2089 libellos.

242 2106 323 2184 Ergo
339 2107 528 2169 Numantinus
545 2110 729 2189 Libycusque
748 2114 857 2172 erravit
874 2115 902 2171 iu
923 2115 979 2173 isto

242 2192 362 2269 Scipio,
379 2194 427 2271 qui
443 2192 558 2254 Rbodio
575 2196 667 2253 crevit
684 2196 827 2255 iorrnante
842 2199 998 2275 magistro,

243 2272 351 2335 Cetera
368 2286 396 2335 ct
411 2277 461 2337 illa
475 2294 574 2337 manus
591 2276 671 2338 bello
687 2279 814 2342 incunda
830 2282 977 2358 secundo,

243 2357 325 2431 Quos
342 2360 417 2419 inter
433 2362 523 2439 prisci
538 2364 682 2423 sententia
700 2363 747 2423 dia
763 2360 882 2423 Gatonis
931 2432 933 2436 .

242 2443 326 2505 Scire
344 2444 418 2504 adeo
434 2446 530 2521 magni
547 2446 685 2520 iecisset,
703 2456 834 2507 utrumne
850 2448 985 2507 secundis

242 2527 289 2585 An
307 2529 398 2605 magis
416 2529 548 2589 adversis
563 2538 654 2589 staret
669 2529 797 2591 Romana
813 2528 969 2610 propago?

243 2610 363 2670 Scilicet
381 2612 530 2671 adversis:
554 2630 619 2672 nam
637 2632 723 2693 quum
741 2614 894 2675 deiendier
914 2616 1001 2675 armis

243 2693 351 2753 Suadet
366 2712 447 2755 amor
462 2696 573 2774 patriae
596 2706 625 2757 et
644 2692 758 2777 captiva
779 2699 932 2778 penatibus
946 2715 1036 2773 uxor,

243 2775 403 2853 Convenit,
423 2788 454 2838 ut
468 2783 586 2858 vespis,
604 2799 723 2859 quarum
740 2783 842 2842 domus
857 2802 926 2843 arce
942 2782 1094 2857 Monetae,

244 2860 341 2921 Turba
356 2864 456 2939 rigens
475 2864 583 2922 strictis
598 2882 653 2943 per
669 2865 747 2925 lutea
770 2884 896 2944 corpora
911 2866 979 2925 telis
985 2886 993 2937 3

242 2943 297 3002 Ast
311 2944 360 3004 ubi
376 2962 447 3024 spes
467 2964 571 3007 secura
587 2947 679 3024 redit,
699 2949 790 3009 oblita
808 2950 939 3008 favorum

242 3026 330 3086 Plebs
345 3038 495 3108 materque
510 3048 566 3090 una
582 3048 683 3091 somno
701 3035 861 3093 moriuntur
876 3032 978 3092 obeso.

241 3108 458 3186 Romulidarum
476 3116 562 3190 igitur
577 3115 665 3193 longa
681 3126 711 3175 et
725 3118 824 3193 gravis
841 3118 957 3176 exitium
971 3134 1039 3193 pax.

284 3192 349 3255 Hoc
365 3195 474 3256 labella
490 3197 576 3258 modo
591 3216 710 3278 pausam
725 3201 804 3260 iacit.
839 3199 967 3279 Optima,
986 3200 1123 3276 posthac,

242 3275 340 3353 Musa,
356 3272 444 3339 velim
461 3298 598 3357 moneas,
616 3284 679 3343 sine
696 3300 752 3362 qua
767 3283 835 3343 mibi
850 3284 928 3344 nulla
943 3282 1080 3361 voluptas

242 3360 368 3438 Vivere,
387 3366 427 3422 uti
444 3365 586 3442 quondam
599 3366 712 3443 Lydus,
729 3368 794 3427 dum
810 3369 931 3443 Smyrna
946 3365 1075 3445 peribat,

118 3462 119 3475 ¹
242 3442 325 3504 Nunc
340 3446 438 3505 itidem
454 3448 580 3525 migrare
598 3450 689 3519 velis;
712 3452 762 3510 vel
779 3452 903 3530 denique
926 3449 1039 3529 quidvis

241 3526 280 3587 Ut
295 3529 350 3589 dea
366 3547 475 3606 quaere
492 3532 587 3600 aliud;
610 3530 717 3594 tantum
735 3534 864 3597 Romana
880 3532 990 3594 Caleno

242 3608 358 3672 bloenia
374 3615 515 3673 iucundos
530 3617 696 3695 pariterque
713 3628 814 3679 averte
829 3618 963 3679 Sabinos.

242 3692 323 3755 Haec
339 3712 409 3772 ego;
434 3706 492 3757 tum
507 3700 607 3778 paucis
619 3698 674 3762 dea
688 3720 734 3761 me
752 3702 899 3780 dignarier
913 3702 989 3762 inllt:

1197 872 1235 927 ab
