3050 4484
602 486 739 535 'SATIRA
757 487 805 536 VI.

241 631 337 709 Atque
359 627 461 688 eudem
487 625 703 688 scroialliobc
726 627 880 687 fecundior
897 626 977 686 olba.
1007 652 1009 657 ’
1064 667 1070 703 ·,

241 714 325 787 Quae
348 713 417 772 tenti
438 713 584 788 gravitas,
607 728 682 789 quae
705 709 815 787 lorma,
840 720 870 770 nt
890 729 924 769 se
945 709 1136 790 tibiscmper

157 855 165 872 ,
240 793 385 875 imputet?
408 794 490 854 huius
513 796 588 854 euim
609 795 667 854 rari
688 797 848 871 summique
869 793 1006 873 voluptas

241 879 325 940 Nullo
351 879 436 954 boni,
464 880 579 958 quoties
603 879 696 938 uoimo
723 889 860 957 corrupta
880 877 1008 956 superbo
1175 889 1228 944 180

240 964 308 1024 Plus
339 964 421 1025 aloes
455 979 539 1040 qoam
560 962 655 1022 mellis
672 961 777 1024 habet.
817 962 889 1036 Quis
910 961 1025 1022 dadinus
1047 972 1143 1023 eutem

239 1047 340 1126 Usque
362 1035 440 1107 adeo*
462 1056 525 1122 est,
551 1055 660 1106 utnon
683 1047 778 1121 illam,
804 1063 889 1124 qnam
910 1045 1043 1106 laudibus
1066 1047 1162 1122 client,

239 1127 364 1192 llorreat
385 1131 471 1209 inque
494 1130 569 1190 diem
591 1131 721 1208 septenis
744 1131 839 1190 oderit
862 1127 965 1190 horis?

241 1215 389 1288 Quaedam
410 1231 500 1292 parva
521 1213 654 1292 quidem,
677 1214 811 1276 sednon
829 1214 982 1274 toleranda
1002 1214 1127 1274 maritist

240 1299 312 1357 Nam
336 1297 403 1376 qnid
425 1298 586 1372 remidius,
610 1315 694 1376 quam
715 1299 793 1376 quod
816 1316 850 1357 se
871 1315 929 1356 non
949 1304 1030 1376 potat
1051 1297 1111 1358 ulla
1177 1306 1228 1360 185

240 1381 424 1454 Formosam,
449 1381 505 1438 nisi
530 1397 605 1458 quae
628 1381 665 1440 de
688 1379 784 1440 Tusca
806 1380 950 1441 Graecula
971 1381 1049 1442 facta
1071 1391 1127 1456 est,

240 1465 285 1524 De
308 1464 491 1524 Sulmonensi
511 1480 599 1523 mera=
613 1461 776 1542 Cecropis?
799 1467 894 1524 omnia
916 1481 1037 1543 graece,

242 1549 334 1622 Quum
356 1547 393 1606 s'it
413 1557 497 1626 turpe
518 1549 610 1624 magis
633 1549 741 1608 noscis
761 1549 877 1614 nescire
890 1548 997 1609 vlatine.

193 1643 199 1648 '
240 1632 304 1692 lloc
326 1647 461 1692 sermone
486 1641 618 1709 pavent‚-
632 1631 690 1692 lroc
713 1633 799 1706 irum,
821 1631 942 1708 gandia,
966 1649 1062 1705 curus,

239 1716 303 1776 Hoc
325 1725 427 1776 cuncta
449 1715 596 1776 effundunt
618 1717 702 1776 animi
723 1724 855 1775 secreta:
878 1715 948 1793 qnid
969 1713 1064 1775 ultra?
1178 1723 1230 1778 190

242 1797 441 1860 Concombunt
462 1817 581 1876 gracco.
614 1799 716 1859 Dones
736 1807 834 1860 tamen
855 1801 909 1859 istu
930 1799 1052 1876 puellis:

236 1883 321 1943 nune
335 1885 443 1958 etiam,
468 1900 552 1988 poam
574 1891 675 1962 sextus
697 1893 727 1942 et
750 1885 948 1959 octogesimus
971 1890 1062 1943 annos

132 2023 143 2030 .
240 1967 352 2043 Pulsum,
377 1969 469 2028 adhuc
491 1965 621 2044 graece?
642 1981 700 2026 uon
724 1976 770 2026 est
791 1966 839 2025 hic
861 1983 956 2026 sermo
979 1968 1102 2044 pudicus

240 2050 272 2110 ln
296 2049 404 2110 vetula.
443 2049 567 2122 Quoties
592 2051 731 2110 lascivum
753 2051 910 2109 intervenit
931 2049 1003 2109 illud

241 2127 310 2211 Ζονὴ
332 2131 384 2193 καὶ
407 2127 503 2211 ψυχή,
525 2135 612 2194 modo
635 2134 688 2194 snb
712 2133 810 2193 lodice
831 2122 943 2193 relictis
1176 2143 1227 2199 195

239 2218 337 2278 Uteris
360 2218 389 2275 in
407 2216 505 2285 turba;
530 2218 705 2296 quodecim
728 2233 787 2276 non
809 2219 920 2276 excitet
940 2219 1048 2293 inguen
1144 2260 1148 2268 a

239 2301 307 2362 Vox
329 2299 436 2360 blanda
459 2307 488 2358 ct
509 2299 653 2378 nequam?
676 2301 784 2388 digitos
805 2299 909 2368 hubet;
931 2310 962 2359 ut
980 2309 1076 2361 tamen
1094 2319 1195 2362 omnes

240 2383 397 2459 Subsident
426 2383 545 2460 pinnae,
568 2385 650 2444 dicas
669 2383 744 2444 haec
766 2383 883 2443 mollins
901 2383 1011 2444 Haemo
1100 2430 1101 2433 ,

240 2468 419 2545 Quamquam
442 2475 472 2526 et
493 2465 703 2546 Carpophoro,
728 2467 823 2528 iacies
844 2476 893 2528 tua
914 2476 1061 2544 computat
1083 2487 1195 2544 annos-¹
1254 2492 1259 2507 ¹

283 2552 314 2611 Si
340 2551 392 2610 tibi
414 2550 551 2627 legitimis
572 2561 685 2630 pactam
708 2552 891 2630 iunctamque
912 2550 1030 2612 tabellis
1176 2565 1228 2618 ooo

240 2635 360 2696 Nouos
385 2643 544 2712 amaturus,
569 2636 693 2696 ducendi
715 2636 794 2696 nulla
817 2635 933 2696 videtur

241 2717 355 2795 Causa,
381 2737 437 2779 uec
459 2729 511 2780 est
544 2738 635 2798 quare
659 2737 781 2799 coenam
805 2729 836 2781 et
855 2729 1005 2780 mustacea
1026 2723 1133 2798 perdas

239 2801 367 2864 labente
390 2803 489 2863 cilicio
512 2803 609 2864 orodis
635 2805 784 2880 donando,
806 2823 863 2864 nec
884 2803 967 2878 illud,

241 2886 326 2960 Quod
349 2889 440 2966 prima
461 2904 515 2965 pro
538 2897 625 2946 nocte
649 2887 747 2964 datur,
771 2905 858 2966 quom
878 2889 964 2948 lance
986 2887 1072 2948 beatu

239 2970 365 3031 Dacicus
386 2980 415 3030 et
437 2973 547 3049 scripto
568 2971 661 3044 radiat
682 2971 869 3032 Germanicus
890 2986 972 3032 uuro.
1175 2983 1227 3037 205
1324 3044 1325 3048 Ἰ
1413 3020 1414 3027 ,

241 3055 272 3114 Si
295 3055 346 3116 tibi
368 3053 538 3132 simplicitas
559 3056 678 3129 uxoria,
701 3055 815 3116 deditus
835 3056 884 3114 uui

237 3137 293 3197 llst
316 3140 441 3214 animos,
464 3140 606 3197 summitte
629 3148 715 3216 caput
738 3140 855 3198 cervice
877 3147 979 3218 paratu

238 3220 331 3282 Ferre
353 3223 466 3298 iugum;
490 3221 595 3282 nullum
617 3222 765 3299 invenies,
788 3239 863 3300 quae
885 3227 1122 3301 perentamanti.

239 3305 351 3364 Audeat
372 3306 436 3382 ipsa
457 3305 542 3381 licet,
568 3307 718 3366 tormentis
741 3307 848 3383 gaudet
870 3307 990 3366 amantis
1232 3358 1234 3362 ,

239 3387 277 3448 Et
298 3387 418 3466 spoliis;
442 3388 529 3464 igitur
553 3389 641 3466 longe
664 3391 757 3450 miuus
778 3390 857 3450 utilis
878 3388 922 3450 illi
1174 3400 1228 3454 210

238 3471 339 3548 Uxor,
364 3471 494 3550 quisquis
518 3473 573 3531 erit
594 3473 688 3532 bonos
711 3474 914 3556 optandusque
937 3475 1065 3534 maritus.

233 3551 287 3615 *Nil
308 3571 440 3634 umquam
464 3557 550 3614 invito
573 3555 696 3616 donabis
720 3560 862 3634 coniuge,
886 3558 1011 3617 rondes*

238 3639 301 3698 llac
323 3639 456 3699 obstante
478 3639 565 3714 nihil,
589 3639 674 3717 nihil,
698 3643 774 3704 haec
795 3644 820 3701 si
840 3640 937 3715 nolet,
960 3651 1086 3709 suetum

238 3722 320 3782 llaec
340 3723 418 3784 dabit
441 3723 578 3800 allectus,
602 3724 653 3784 ille
678 3727 850 3788 excludatur
871 3726 980 3785 amicus

280 3826 336 3866 ntv.
357 3828 418 3868 sur.
1038 3807 1058 3868 3
