3050 4484
297 446 316 508 8
621 459 655 505 n.
677 458 748 506 run.
771 456 956 505 lovennam

296 596 459 658 Montanum
478 597 580 675 positis
602 595 713 656 audiret
737 595 842 676 vulgus
859 597 974 655 aratris.

256 695 262 702 ·
299 681 373 756 Quid
394 698 451 740 uon
473 679 658 758 proclames,
680 681 708 738 in
730 695 857 756 corpore
879 679 982 738 iudicis
1005 680 1059 740 ista

298 768 329 825 Si
348 760 471 824 videas?
493 780 602 842 quaero
623 780 659 822 an
681 763 805 822 deceant
826 761 951 822 multicia
973 760 1099 822 testem?

297 849 378 908 Acer
400 857 429 908 et
450 847 603 906 indomitus
625 845 826 923 libertatisque
849 847 1003 922 magister,

299 929 432 1006 Cretico,
451 929 603 1006 perluces!
625 927 713 988 Dedit
733 929 807 988 banc
829 931 964 1005 contagio
986 929 1082 988 labem

297 1014 334 1075 Et
356 1014 432 1074 dabit
453 1015 481 1072 in
504 1013 619 1091 plures;
647 1013 720 1072 sicut
739 1031 814 1088 grex
835 1020 912 1071 totus
932 1013 960 1070 in
979 1013 1057 1088 agris

297 1097 387 1158 Unius
408 1097 507 1158 scabie
530 1097 606 1156 cadit
628 1105 657 1155 et
679 1097 828 1173 porrigine
852 1097 950 1173 porci,

296 1181 418 1260 Unaque
441 1189 598 1258 conspecta
621 1179 743 1238 livorem
764 1179 842 1238 ducit
864 1179 900 1237 ab
922 1197 986 1238 uva.

297 1264 423 1325 Foedius
446 1264 503 1323 hoc
525 1263 632 1340 aliquid
655 1263 828 1340 quandoque
851 1261 973 1322 audebis
994 1262 1114 1322 amictu:

298 1349 390 1408 Nemo
412 1355 534 1426 repente
557 1346 609 1404 luit
630 1347 828 1424 turpissimus;
850 1346 994 1423 accipient
1015 1354 1045 1404 te

298 1430 519 1509 Paulatim,·qui
539 1430 628 1506 longa
650 1430 726 1490 domi
746 1429 915 1488 redimicula
937 1437 1048 1488 sumunt

297 1515 451 1575 Frontibus
473 1523 503 1574 et
525 1521 586 1572 toto
611 1530 739 1592 posuere
760 1513 876 1572 monilia
899 1512 995 1587 collo,

298 1600 394 1678 Atque
414 1598 522 1659 Bonam
542 1607 663 1656 tenerae
686 1597 802 1674 placant
823 1595 978 1655 abdomine
1000 1613 1109 1673 porcae

298 1681 335 1742 Et
355 1699 459 1758 magno
483 1689 597 1740 cratere
620 1679 726 1746 Deam;
755 1681 807 1740 sed
829 1696 910 1739 more
933 1681 1048 1739 sinistro

298 1765 450 1843 Exagitata
473 1765 651 1842 proculnon
674 1765 758 1823 intrat
779 1763 885 1824 femina
907 1763 1014 1832 limem¹

299 1849 376 1909 Solis
398 1866 447 1908 ara
469 1849 542 1908 deae
562 1845 688 1907 maribus
701 1857 798 1924 ‚patet
830 1847 873 1906 lte
895 1847 1050 1925 profanae!

299 1930 458 1999 clamatum
482 1931 561 1992 nullo
583 1932 671 2008 gemit
693 1931 739 1990 bic
759 1931 876 1990 tibicina
900 1948 999 1990 cornu.

298 2015 378 2076 Talia
402 2024 516 2075 secreta
539 2015 690 2074 coluerunt
712 2017 794 2092 orgia
816 2015 902 2076 taeda

300 2097 474 2178 Cecropiam
492 2099 570 2158 soliti
592 2098 702 2176 Baptae
726 2098 837 2158 lassare
861 2096 989 2174 Cotytto.

297 2183 351 2244 llle
374 2183 558 2262 supercilium
579 2182 692 2242 madida
714 2181 835 2259 iuligine
860 2191 967 2242 tactum

299 2267 421 2344 Obliqua
444 2267 578 2345 producit
600 2283 653 2325 acu
675 2266 824 2344 pingitque
846 2275 1005 2326 trementes

299 2351 447 2410 Attollens
464 2350 581 2409 oculos:
603 2351 697 2408 vitreo
716 2349 787 2408 bibit
805 2350 855 2410 ille
878 2353 999 2428 priapo,

299 2433 519 2512 Reticolumque
542 2435 632 2493 comis
654 2443 783 2492 auratum
800 2434 964 2511 ingentibus
987 2433 1104 2512 implet,

295 2516 444 2594 ,Caerulea
465 2519 578 2576 indutus
600 2517 740 2576 scutulata
758 2527 806 2577 aut
829 2517 944 2594 galbina
966 2535 1048 2591 rasa,

297 2599 335 2662 m
358 2619 412 2680 per
432 2600 569 2660 lunonem
591 2601 695 2660 domini
718 2601 828 2660 iurante
848 2602 987 2659 ministro.

297 2684 352 2744 llle
373 2693 452 2744 tenet
474 2685 642 2762 speculum,
665 2682 774 2760 pathici
795 2693 947 2759 gestamen
968 2682 1107 2757 Othonis,
1217 2739 1222 2760 ι

298 2767 417 2828 Actoris
440 2766 567 2828 Aurunci
588 2767 729 2846 spolium,
752 2784 810 2845 quo
834 2785 867 2825 se
889 2765 940 2826 ille
957 2765 1075 2826 videbat

298 2852 460 2927 Armatam,
484 2870 568 2929 quum
589 2854 644 2911 iam
661 2849 725 2910 tolli
746 2850 856 2911 vexilla
878 2849 1001 2910 iuberet.

298 2935 359 2994 lies
379 2936 563 2996 memoranda
586 2935 669 2994 novis
691 2934 841 2994 annalibus
863 2943 949 3012 atque
971 2934 1083 2994 recenti

299 3019 440 3094 Historia,
464 3018 613 3096 speculum
636 3018 865 3092 civilis-sarcina
887 3018 974 3078 belli!

298 3100 435 3162 Nimirum
458 3104 557 3162 summi
575 3103 656 3162 ducis
680 3111 725 3161 est
746 3089 885 3162 occidere
908 3102 1027 3162 Galbam

298 3186 335 3246 Et
355 3205 456 3246 aurare
479 3195 588 3253 cutem;
609 3186 708 3244 summi
731 3187 895 3246 constantia·
915 3185 1003 3259 civis,

298 3269 432 3330 Bebriaci
455 3287 557 3348 campo
580 3269 704 3347 spolium
725 3270 864 3329 affectare
886 3268 977 3327 Palati
1005 3305 1010 3318 ·

299 3352 337 3413 llt
356 3372 490 3432 pressum
512 3353 666 3412 infaciem
689 3352 786 3429 digitis
808 3351 968 3411 extendere
990 3367 1108 3428 panem:

302 3437 387 3509 Quod
410 3455 466 3496 neo
486 3439 515 3496 in
528 3436 650 3510 Assyrio
674 3435 840 3512 pharetrata
862 3434 1028 3493 Semiramis
1050 3432 1133 3509 orbe,

299 3517 412 3580 Maesta
434 3539 490 3580 nec
511 3519 632 3579 Actiaca
656 3518 725 3578 iecit
749 3516 907 3596 Cleopatra
926 3519 1033 3578 carina.

300 3601 353 3663 llio
374 3604 470 3664 nullus
490 3603 589 3662 verbis
614 3603 707 3681 pudor
726 3611 775 3662 aut
793 3603 957 3662 reverentia
979 3619 1116 3672 mensae;

300 3683 354 3746 llic
376 3689 469 3766 turpis
491 3685 618 3762 Cybeles
642 3694 671 3746 et
692 3685 785 3746 lracta
807 3702 882 3746 voce
905 3685 1043 3764 loquendi

1237 3609 1293 3662 llo
