3050 4484
625 446 833 497 PRAEFATIO.
1145 453 1219 501 XXV

242 611 342 662 numme
353 595 432 650 scierit.
443 625 486 636 -
495 593 522 650 V.
529 597 589 652 237.
602 598 654 652 238
664 593 785 664 quomodo
796 595 900 664 scriptos
910 611 924 650 1
934 602 1005 665 poeta
1016 610 1151 661 censerem,
1163 597 1220 652 tun-

243 682 292 736 die.
304 697 328 752 p.
339 683 372 736 12
384 679 473 749 aperui.
485 692 563 748 neque
574 693 638 732 nunc
648 683 751 732 retracto
763 677 895 747 quodidie,
908 685 935 733 ut
941 679 1072 750 genuinam
1086 683 1220 736 sententiae

243 765 346 820 sormam
358 757 536 831 recuperemus,
548 762 679 832 legendum
690 775 742 814 esse
752 761 888 830 suspicatus
902 777 971 816 sum:

326 846 495 918 impatiecmque
511 859 590 900 curce
600 853 683 915 puceu
700 851 726 898 at
736 852 839 898 comeus
854 845 946 900 adulter

326 928 419 984 additus
429 930 519 984 doureh
529 928 584 982 citet
594 935 616 982 et
622 928 751 1000 praemetiu
761 927 826 984 dumi
834 947 849 990 ‚·.

241 1027 273 1067 ne
283 1019 363 1068 tamen
380 1013 466 1082 ipsein
482 1011 555 1066 verba
571 1011 681 1066 licentius
693 1026 827 1083 gram,
845 1029 867 1068 v.
880 1015 932 1071 138
942 1013 1141 1084 stuprumve,
1153 1016 1217 1084 quod

220 1141 223 1148 .
242 1096 330 1166 inipso
345 1095 407 1152 Pith.
421 1105 470 1162 est,
487 1096 613 1150 restituere
622 1097 708 1167 sategi.
725 1125 768 1134 —-
784 1095 811 1151 V.
829 1099 883 1154 270
899 1097 1062 1170 permediocris
1073 1097 1143 1160 Ptin„
1163 1104 1219 1152 tune

240 1179 325 1247 provee
341 1177 407 1233 lahu.
428 1195 450 1238 c,
470 1179 590 1249 plurimis,
608 1179 687 1246 redte,
703 1180 724 1234 si
741 1193 843 1250 sequeus
858 1181 990 1234 versiculus
1006 1181 1125 1251 genuinus
1140 1187 1218 1243 essem

242 1277 307 1320 nune
320 1262 370 1331 ipsa
382 1263 527 1317 obscuritate
536 1270 675 1332 suspectum
690 1263 776 1318 melior
785 1263 825 1316 illa
836 1265 964 1318 auctoritas
974 1264 1065 1318 secludi
1083 1264 1164 1318 suasit.
1180 1291 1216 1302 -

246 1373 282 1384 —-
296 1345 323 1398 V.
334 1349 385 1404 295
396 1347 454 1401 abbr
464 1347 567 1400 editores
578 1346 685 1417 plerique
696 1361 750 1400 carm
763 1345 884 1416 Nogarola
894 1353 919 1400 et
929 1347 1041 1410 Pithoeo‚
1051 1347 1158 1417 quamvis
1168 1363 1219 1400 am·

242 1427 317 1500 higna
328 1428 443 1500 librorum
453 1429 511 1493 lide,
527 1445 629 1501 quorum
646 1430 741 1498 plurimi
761 1426 850 1505 letrae,
871 1428 1014 1484 Pithoeanus
1030 1427 1104 1484 laudm
1114 1429 1217 1493 exhibet,

242 1510 355 1583 huuclpue
365 1511 459 1567 lahrius
470 1520 567 1567 secutus
577 1520 627 1573 cst:
644 1518 669 1566 at
678 1528 727 1566 non
738 1513 818 1583 agitur
830 1513 861 1566 de
873 1513 965 1568 luxuria
976 1513 1083 1568 Romana
1100 1528 1143 1583 per
1152 1522 1219 1567 exte·
1263 1508 1267 1518 '

243 1611 282 1650 ras
305 1602 390 1666 gentes
414 1602 559 1667 propagata,
583 1596 626 1650 sed
647 1597 678 1651 de
699 1596 773 1666 ipsius
792 1594 858 1649 urbis
874 1589 981 1651 molibus
999 1612 1058 1666 pace
1073 1604 1099 1651 et
1117 1597 1218 1666 imperio

244 1680 376 1749 oomuptis,
394 1694 439 1734 nee
449 1680 520 1734 eolles
530 1678 610 1734 indiae
620 1680 700 1749 potius
711 1694 783 1750 quam
795 1677 886 1734 homae
901 1681 1057 1742 conveniunt:
1073 1681 1153 1750 recepi
1170 1681 1218 1751 igi·

243 1770 283 1816 tur
293 1763 356 1833 quod
369 1764 519 1818 coniecturae
536 1769 600 1816 certe
618 1777 701 1818 omnes
710 1777 824 1818 numeros
833 1764 923 1833 implet.
938 1792 974 1802 —
993 1764 1021 1819 V.
1032 1767 1092 1821 161.
1103 1763 1219 1819 3681111-

243 1847 297 1900 nius
308 1861 364 1900 curu
375 1846 493 1918 iladvigio
502 1847 655 1916 transposuit,
669 1847 811 1916 astipulante
821 1847 893 1902 etiarn
903 1848 923 1902 l.
936 1846 963 1901 E.
971 1847 999 1902 B.
1007 1847 1103 1917 hlayore
1114 1847 1138 1900 in
1148 1847 1218 1901 lour-

243 1929 282 1984 nal
293 1929 321 1984 ol
328 1930 435 1984 classical
446 1931 492 1985 and
502 1931 585 1984 sacred
596 1929 720 2000 philology
733 1931 811 1994 1864,
824 1943 847 1998 p.
859 1934 907 1995 91,
919 1930 1033 1984 librorum
1043 1936 1124 1983 tamen
1135 1937 1217 1983 aucto·

243 2013 313 2068 ritate
326 2013 394 2067 valde
405 2013 505 2084 exigua,
523 2013 608 2084 quibus
619 2013 677 2066 illud
688 2014 764 2068 fraudi
774 2027 828 2066 esse
838 2020 943 2082 poterat,
960 2013 1025 2084 quod
1034 2029 1057 2067 v.
1069 2015 1120 2070 307
1133 2028 1217 2067 euon-

243 2097 315 2150 nullis
326 2097 426 2166 ipsoque
436 2095 565 2150 Pithoeano
576 2105 670 2150 mature
680 2097 784 2161 excidit,
797 2110 875 2166 neque
887 2111 959 2152 sensu
970 2102 1087 2167 urgente,
1098 2097 1139 2165 qui
1148 2097 1217 2150 nobi·

243 2180 291 2234 lem
302 2194 397 2250 quoque
406 2180 530 2234 mulierem
541 2179 681 2234 Pudicitiam
695 2179 792 2234 irridere
804 2180 903 2247 patitur,
920 2180 940 2233 si
951 2194 1007 2232 eum
1024 2180 1116 2232 famoso
1127 2185 1216 2241 scorto.

244 2262 340 2332 qualem
351 2261 457 2316 hlauram
467 2261 517 2317 Sat.
530 2262 559 2317 X.
571 2266 622 2318 224
633 2263 769 2328 noscimus,
785 2262 847 2315 illius
858 2277 922 2316 aram
940 2263 1059 2330 praeterit.
1074 2289 1115 2299 —
1125 2260 1152 2314 V.
1164 2264 1216 2318 347

239 2341 355 2416 prolude,
367 2345 430 2414 quod
441 2345 465 2398 in
475 2343 537 2399 Pith.
550 2350 600 2407 est,
621 2359 663 2397 cur
674 2344 769 2398 Iahnius
779 2345 878 2414 uulgato
895 2343 973 2398 cobbo
982 2343 1150 2413 posthaberet,
1160 2357 1217 2397 oau-

242 2441 295 2481 sam
307 2427 380 2481 luisse
390 2427 415 2480 in
425 2426 515 2482 Vindio.
528 2441 552 2496 p.
564 2430 581 2484 9
592 2428 689 2498 negavi,
707 2426 844 2496 ibidemque
852 2427 947 2481 delendi
956 2443 980 2481 v.
990 2428 1041 2483 382
1055 2419 1214 2489 ammonui,
1262 2490 1270 2507 ¹

243 2511 307 2582 quod
325 2510 365 2564 ille
375 2509 506 2565 llarllandi
523 2509 674 2564 coniecturae
686 2511 816 2580 pulsantur
831 2510 916 2564 cedere
924 2510 1006 2571 iussit;
1023 2510 1119 2564 mallem
1128 2525 1151 2564 v.
1164 2513 1216 2567 371

242 2599 388 2664 empedetm
404 2593 538 2663 scripsisset
547 2608 590 2662 pro
603 2601 725 2664 epoetotos
739 2593 861 2664 paediam
872 2609 886 2647 1
897 2592 1019 2647 Pithoeaui
1030 2609 1101 2647 manu
1112 2594 1216 2647 secunda

243 2683 377 2732 correctum
396 2693 493 2746 prorsus
510 2677 610 2731 alienam
627 2676 758 2748 imaginem
774 2676 831 2730 huic
848 2677 1002 2746 descriptioni
1019 2678 1133 2731 admiscet
1145 2678 1217 2746 inque
1238 2690 1241 2701 ¹

180 2821 184 2829 ,
215 2773 222 2782 ·
243 2767 308 2816 unta
318 2761 442 2832 utriusque
452 2760 518 2816 verbi
528 2760 679 2823 confusione,
692 2762 761 2814 cuius
771 2761 842 2814 etiam
854 2759 903 2814 Vll.
914 2765 948 2816 22
959 2760 1096 2830 exemplum
1109 2760 1149 2814 dat
1160 2761 1217 2814 alia·

243 2859 289 2914 que
306 2843 466 2899 Eiolrstadtius
486 2845 511 2898 in
527 2843 613 2914 Progr.
631 2850 734 2912 prorect.
752 2843 845 2898 lenensi
858 2846 925 2900 1816
944 2860 966 2912 p.
989 2850 1018 2900 tl
1034 2843 1127 2907 attulit,
1150 2844 1216 2898 omni

193 2953 195 2962 v
243 2927 384 2984 emendandi
400 2927 540 2982 difficultate
556 2933 634 2988 canem
652 2942 698 2980 nec
708 2943 730 2983 r.
743 2927 888 2990 hebitudo,
901 2927 964 2998 quod
974 2926 1039 2998 Appi
1048 2926 1152 2982 nominis
1163 2943 1217 2981 mu-

242 3009 324 3064 lierem
341 3025 397 3064 cum
415 3010 542 3066 scholiasta
557 3025 628 3080 quiam
639 3008 692 3064 Aeli
707 3025 763 3064 cum
775 3010 871 3064 Heinsio
889 3012 1001 3081 amplecti
1018 3012 1114 3074 maluit,
1133 3027 1181 3081 qno
1192 3018 1217 3065 et

243 3093 353 3148 codicum
365 3094 437 3148 lectio
447 3093 491 3148 alti
507 3100 531 3148 et
540 3092 678 3149 beataum
694 3095 784 3148 mentio
796 3100 933 3164 antegressa
949 3094 1059 3150 ducebat.
1074 3106 1110 3133 '—
1123 3094 1151 3168 1.
1163 3098 1216 3152 459

242 3177 400 3246 menmepro
411 3177 559 3232 1111161111
570 3177 819 3232 coutraPitboeanum
830 3180 976 3232 constantiae
985 3179 1054 3241 dedi,
1066 3191 1127 3248 quae
1141 3177 1216 3230 hicet

242 3257 294 3314 Sat.
305 3259 360 3314 ΧΠ.
370 3267 386 3318 5
398 3261 497 3315 eandem
509 3260 610 3316 leudam
621 3260 727 3316 exhiheri
737 3261 841 3322 iuberet:
858 3276 916 3316 mox
930 3268 1010 3316 antem
1027 3277 1049 3317 v.
1061 3265 1111 3318 461
1120 3263 1217 3316 -463

241 3343 341 3411 pristino
353 3343 429 3398 ordini
441 3345 548 3410 restitui,
560 3360 632 3416 quem
642 3345 731 3400 nobem
742 3345 837 3399 lahuius
848 3359 904 3398 cum
916 3345 1036 3416 hladvigio
1047 3345 1080 3398 ita
1090 3348 1215 3407 mutasset,

240 3432 268 3480 ul
278 3441 302 3484 v.
316 3430 411 3490 464-
420 3430 473 3484 466
482 3434 645 3496 anteponeret.
668 3428 814 3499 Madvigium
825 3429 913 3482 c'otereu
925 3430 1006 3491 movit,
1018 3427 1082 3498 qnod
1094 3441 1142 3480 non
1153 3425 1216 3479 arbi-

240 3515 291 3564 tror
301 3510 452 3566 commodius
462 3511 492 3564 16
508 3511 593 3581 foliato
604 3513 703 3566 moechae
716 3520 805 3582 poculo
814 3527 885 3582 quam
895 3512 924 3566 16
937 3527 991 3564 eum
1003 3516 1114 3564 ornatum
1124 3509 1214 3572 referri,

240 3593 281 3662 qui
292 3609 315 3648 v.
327 3597 380 3652 468
390 3593 545 3658 describitum
559 3609 605 3648 nec
617 3595 712 3650 moechi
723 3611 779 3649 cura
790 3596 832 3649 secl
842 3595 973 3649 domestica
986 3593 1087 3646 foeditas
1098 3599 1169 3663 caput
1180 3592 1215 3646 rei

240 3682 291 3742 est,
310 3683 454 3746 quapropter
471 3678 543 3732 etiam
559 3677 713 3732 intolerabilis
724 3679 812 3732 femina
829 3678 896 3731 dhes
911 3677 990 3738 audit:
1008 3675 1215 3747 hincigiturpro·

239 3757 304 3814 tecta
316 3761 391 3816 oratio
402 3761 427 3814 iu
438 3767 574 3816 transcursu
585 3767 678 3815 mutum
689 3762 780 3814 maritis
789 3760 903 3814 moechos
914 3761 1025 3830 opponit,
1038 3760 1068 3816 ad
1079 3775 1140 3849 (pros
1149 3760 1215 3814 solos
