3050 4484
644 486 855 536 summurn.
1203 484 1244 543 4⁷

256 624 431 705 Componis,
452 624 527 685 dona
548 624 689 703 Veneris,
713 626 871 704 Telesine,
894 629 1013 697 marito;
1207 642 1243 695 25

254 712 313 771 hut
337 710 439 769 claude
461 718 491 768 ct
512 712 625 787 positos
646 712 724 770 tinea
750 712 893 789 pertunde
918 711 1045 771 libellos.

254 793 368 870 Frange
388 794 476 852 miser
498 794 625 853 calamos
647 795 824 873 vigilataque
847 796 960 872 proelia
983 795 1062 872 dele,

255 877 310 951 Qui
331 877 434 936 iacis
426 894 455 935 ιιι
476 894 566 955 parva
587 878 718 937 sublimia
741 879 881 937 carmina
889 879 977 962 cella,

252 960 291 1023 Ut
313 961 416 1045 dignus
436 962 536 1021 venias
559 961 677 1021 hederis
701 970 731 1021 et
750 963 876 1037 imagine
895 979 1003 1023 macra.

253 1044 330 1122 Spes
351 1034 429 1103 nulla
451 1044 585 1111 ultoriam
609 1046 739 1105 didicit
730 1064 786 1105 ram
806 1046 888 1107 diues
909 1064 1048 1106 avarus

205 1135 207 1140 '
253 1127 372 1189 Tantum
394 1127 543 1203 admirari,
565 1136 672 1189 tantum
693 1129 813 1189 laudare
836 1130 974 1205 disertos,
1026 1197 1028 1201 Α

251 1210 290 1271 Ut
309 1212 392 1289 pueri
411 1210 528 1270 lunonis
552 1229 644 1271 avem.
690 1213 749 1272 Sed
771 1213 870 1272 delinit
891 1223 972 1273 aetas

250 1294 289 1353 Et
308 1294 406 1373 pelagi
428 1296 542 1372 patiens
564 1304 593 1353 et
614 1296 736 1355 cassidis
758 1296 985 1375 atque'ligonis.

252 1377 362 1440 Taedia
385 1386 453 1437 tunc
475 1378 599 1438 subcunt
622 1381 746 1455 animos,
770 1388 838 1441 tunc
861 1398 953 1459 seque
977 1397 1116 1459 suamque

252 1460 470 1539 Terpsichoren
492 1462 553 1523 ‹tdit
575 1462 698 1522 facunda
720 1472 748 1521 et
772 1463 847 1523 nuda
868 1472 1013 1525 senectus.

294 1544 408 1623 Accipe
430 1562 505 1605 nuuc
528 1554 623 1621 artes,
646 1564 683 1607 nc
706 1546 776 1625 quid
797 1546 849 1606 tibi
871 1546 1003 1607 conferat
1021 1550 1089 1623 iste,
1133 1592 1135 1595 Α

252 1628 345 1703 Quem
369 1628 442 1690 colis
481 1638 510 1689 et
531 1628 674 1689 Musarum
696 1640 725 1690 et
741 1629 889 1707 Apollinis
910 1631 986 1690 aede
1008 1630 1121 1691 relicta.

250 1712 320 1791 lpse
340 1713 410 1773 iacit
429 1732 532 1772 versus
554 1722 641 1792 atque
665 1714 713 1771 uni
733 1714 810 1773 cedit
831 1713 959 1774 llomero

251 1795 374 1875 Propter
395 1797 474 1857 mille
496 1814 600 1865 annon
621 1806 651 1857 tu
672 1798 696 1855 si
719 1797 874 1857 dulcedine
896 1798 990 1859 lamae

252 1881 417 1941 Succensus
437 1883 562 1957 recites,
582 1880 748 1941 maculosas
772 1882 935 1942 commodat
956 1882 1063 1942 aedes:

250 1962 332 2023 llaec
354 1964 442 2041 longe
464 1965 588 2025 ferrata
596 1965 698 2024 domus
721 1966 835 2025 servire
858 1965 983 2041 iubetur,

250 2046 283 2107 ln
305 2064 360 2125 qua
384 2048 525 2108 sollicitas
548 2050 673 2109 imitatur
692 2049 775 2108 ianua
798 2058 965 2130 portas.

186 2132 204 2185 I
251 2132 312 2190 Scit
334 2130 404 2191 dare
425 2128 549 2191 libertos
573 2141 703 2191 extrema
724 2134 753 2191 in
775 2140 858 2210 parte
879 2131 1018 2192 sedentes

252 2212 366 2273 Ordinis
385 2224 414 2274 et
436 2232 555 2292 magnas
576 2217 710 2275 comitum
732 2216 891 2294 disponere
917 2231 1023 2283 voces;

249 2296 344 2357 Nemo
367 2297 445 2357 dabit
467 2314 584 2375 regum,
608 2301 705 2378 quanti
728 2298 869 2360 subsellia
891 2307 1034 2375 constant,

249 2379 289 2441 Et
313 2398 387 2458 quae
409 2381 553 2442 conducto
576 2384 705 2459 pendent
726 2383 884 2444 anabathra
905 2382 1013 2460 tigillo,

251 2463 598 2542 Quaequereportandis
620 2469 715 2544 posita
738 2477 784 2527 est
805 2467 957 2527 orchestra
979 2465 1134 2527 cathedris.

249 2546 313 2607 Nos
333 2556 428 2607 tamen
451 2548 508 2607 hoc
530 2550 640 2626 agimus
662 2552 798 2629 tenuique
819 2553 848 2611 in
869 2551 991 2630 pulvere
1016 2551 1115 2611 sulcos

249 2631 389 2691 Docimus
409 2641 438 2691 et
459 2632 527 2691 litus
548 2634 641 2693 sterili
662 2652 813 2695 versamus
837 2644 943 2697 aratro.

249 2713 322 2775 Nam
344 2716 369 2774 si
391 2716 542 2792 discedas,
567 2717 673 2795 laqueo
695 2728 777 2779 tenet
798 2718 941 2780 ambitiosi

251 2796 440 2859 Consuetudo
461 2800 543 2867 mali;
566 2810 647 2861 tenet
668 2798 829 2862 insanabile
847 2803 954 2863 multos

250 2882 403 2943 Scribendi
425 2884 585 2944 cacoethes
608 2894 637 2944 et
657 2904 749 2962 aegro
766 2888 798 2945 'iu
821 2887 911 2945 corde
931 2886 1070 2945 senescit.

250 2966 310 3025 Sed
332 2974 428 3027 vatem
449 2970 617 3045 egregium,
640 2970 687 3028 cui
708 2988 766 3029 nou
789 2971 825 3028 sit
846 2968 963 3047 publica
984 2985 1069 3045 vena,

250 3049 306 3122 Qui
329 3050 399 3109 nihil
422 3053 587 3130 expositum
611 3051 706 3113 soleat
727 3053 892 3127 deducere,
914 3070 972 3112 neo
993 3054 1042 3132 qui

251 3130 401 3193 Communi
418 3136 504 3195 ieriat
526 3154 643 3197 carmen
664 3136 779 3195 triviale
797 3145 924 3211 moneta,

249 3215 330 3277 Hunc
340 3219 487 3297 ,qualem
508 3237 625 3319 nequeo
646 3228 808 3279 monstrare
833 3230 862 3279 et
883 3221 977 3287 sentio
998 3228 1117 3295 tantum,

250 3300 406 3361 Arrxietate
430 3320 533 3363 carens
557 3305 667 3365 animus
686 3302 771 3378 lacit,
794 3305 887 3370 omnis
909 3302 1009 3363 acerbi

249 3382 423 3462 Impatiens,
447 3388 569 3463 cupidus
591 3388 730 3447 silvarum
750 3396 894 3486 aptusque
915 3387 1049 3448 bibendis

250 3466 404 3527 Fontibus
412 3468 565 3530 Aonidum.
610 3470 714 3553 Neque
736 3471 813 3531 enim
835 3481 952 3531 cantare
972 3470 1025 3529 snb
1047 3465 1130 3529 antro

250 3550 347 3611 Pierio
369 3550 555 3631 thyrsumque
575 3563 675 3653 potest
695 3557 867 3634 contingere
888 3564 999 3616 maesta

250 3633 410 3713 Paupertas
430 3646 518 3715 atque
538 3638 615 3699 aeris
632 3640 733 3717 inops,
758 3656 815 3718 quo
837 3646 925 3700 nocte
945 3639 1051 3717 dieque

252 3716 368 3799 Corpus
391 3730 475 3799 eget:
486 3730 579 3783 satur
600 3730 660 3800 est,
681 3740 767 3803 quum
788 3724 857 3784 dicit
875 3722 1012 3783 lloratius
1034 3717 1164 3781 euhoe!
