3050 4484
801 673 809 721 l

537 899 578 992 n.
605 892 726 994 ruun'
739 896 961 992 utntrus

662 1068 841 1146 AssllllllllS

411 1215 1094 1328 SdTllldRUM

623 1421 725 1488 LIBER
750 1421 881 1487 PRIMUS.

668 1605 839 1615 —-—.

534 1747 539 1752 ·
600 1721 837 1788 SATIRA
874 1722 902 1786 Ι.

258 1823 389 1931 Semper
410 1869 465 1929 ego
486 1852 597 1912 auditor
619 1851 745 1916 tantum?
769 1869 958 1931 numquamne
980 1867 1135 1929 reponam,

259 1940 389 2000 Vexatus
410 1939 497 1998 toties
518 1939 597 1998 rauci
620 1939 768 2000 Theseide
791 1935 901 1999 Cordi?

260 2023 377 2100 Impune
399 2039 471 2098 ergo
491 2022 558 2080 milri
579 2025 746 2084 recitaverit
767 2023 817 2082 ille
839 2031 970 2099 togatas,
1018 2063 1026 2082 r

260 2106 313 2166 llio
335 2103 457 2182 elegos?
479 2107 593 2182 impune
616 2107 692 2166 diem
715 2107 926 2184 consumpserit
947 2107 1050 2180 ingens

260 2188 408 2266 Telephus
427 2197 475 2248 aut
498 2191 598 2248 summi
617 2190 703 2266 plena
723 2192 778 2248 iarn
800 2190 927 2265 margine
945 2187 1011 2246 libri
1227 2196 1245 2248 ὁ

261 2274 392 2349 Scriptus
416 2273 493 2330 etin
515 2281 600 2347 tergo
618 2291 673 2332 nec
695 2275 760 2332 dum
782 2274 876 2332 finitus
899 2266 1040 2330 Orestes?

260 2353 335 2422 Nota
357 2355 448 2429 magis
469 2355 539 2414 nulli
555 2355 661 2414 'domus
682 2365 727 2414 est
746 2375 814 2429 sna,
836 2372 921 2431 quam
942 2352 1009 2412 milri
1032 2351 1114 2413 lucus

260 2437 359 2498 Martis
381 2446 410 2496 et
432 2437 544 2496 Aeoliis
565 2439 688 2498 vicinum
709 2438 828 2515 rupibus
847 2446 956 2496 antrum

259 2521 391 2580 Vulcani.
422 2520 496 2593 Quid
518 2531 604 2598 agant
625 2523 721 2596 venti,
743 2539 815 2598 quas
836 2527 968 2597 torqueat
987 2517 1103 2578 umbras

260 2604 393 2677 Aeacus,
416 2605 491 2664 uude
513 2605 586 2664 alius
605 2605 729 2666 furtivae
748 2604 873 2665 devehat
895 2622 993 2663 aurum
1209 2613 1243 2663 10

260 2687 435 2762 Pelliculae,
459 2698 584 2766 quantas.
600 2690 741 2750 iaculetur
762 2687 921 2762 Monychus
944 2703 1048 2759 ornos,

259 2769 413 2829 Frontonis
432 2771 539 2848 platani
561 2774 759 2851 convulsaque
782 2789 923 2831 marmora
946 2770 1071 2830 clamant

260 2855 383 2931 Semper
403 2863 432 2914 et
454 2855 569 2916 assiduo
589 2866 691 2934 ruptae
714 2857 828 2915 lectore
848 2855 998 2914 columnae
1008 2875 1018 2910 :1

235 2936 425 3014 ,Exspectes
449 2940 550 3000 endem
570 2957 586 2999 a
608 2956 716 2998 summo
738 2941 912 3014 minimoque
936 2946 1033 3015 poeta.

259 3019 296 3078 Et
316 3039 369 3079 nos
387 3039 459 3098 ergo
480 3041 591 3082 manum
612 3023 723 3082 ferulae
746 3022 948 3095 subduximus,
971 3029 1000 3079 et
1018 3035 1072 3078 uos
1207 3030 1242 3081 15

259 3101 417 3164 Consilium
439 3105 569 3188 dedimus
593 3107 708 3180 Sullae,
731 3107 860 3183 privatus
883 3113 913 3163 ut
935 3103 1021 3164 altum

259 3185 418 3256 Dormiret;
441 3189 525 3248 stulta
544 3199 588 3249 est
611 3190 779 3264 clementia,
799 3206 885 3266 quum
904 3197 946 3247 tot
966 3187 1073 3265 ultique

259 3268 380 3328 Vatibus
402 3288 556 3348 occurras,
579 3275 725 3350 periturae
746 3290 870 3350 parcere
893 3271 1020 3331 chartae.

259 3350 319 3412 Gur
340 3361 434 3412 tamen
453 3355 509 3415 hoc
531 3358 627 3434 potius
650 3356 740 3415 libeat
760 3356 917 3414 decurrere
940 3371 1058 3432 campo,

258 3435 315 3496 Per
337 3454 422 3514 quem
442 3455 560 3514 magnus
582 3457 675 3517 equos
695 3439 849 3498 Auruncae
871 3439 951 3498 ilexit
973 3438 1119 3512 alumnus,
1206 3445 1241 3498 20

258 3522 291 3580 Si
310 3529 393 3581 vacat
415 3538 449 3578 ac
471 3522 577 3598 placidi
599 3525 739 3584 rationem
761 3523 922 3594 admittitis,
946 3520 1036 3583 edam.

319 3605 411 3678 Quum
433 3613 516 3663 tener
538 3622 658 3666 uxorem
678 3607 763 3666 ducat
785 3605 892 3683 spado,
911 3603 1023 3663 llaevia
1045 3601 1169 3662 Tuscum
1243 3625 1248 3632 ·

257 3685 341 3763 Figat
362 3705 461 3765 aprum
485 3696 513 3748 et
531 3687 616 3764 nuda,
628 3698 726 3750 teneat
746 3688 890 3751 venabula
910 3704 1039 3754 mamma

299 3787 354 3830 ruv.
370 3791 429 3830 sar.
473 3793 477 3802 ’
1017 3770 1031 3829 1
