3050 4484
301 469 325 514 x
685 431 899 520 recuruato.

299 616 361 672 aslis
370 614 475 684 privatae
485 611 656 684 indignationis
670 623 756 666 vocem
771 627 827 668 cum
843 613 940 682 publica
955 613 1093 670 communis
1109 615 1285 685 depravationis
1313 629 1322 642 ·

298 697 469 755 teshhmtlonc
480 696 582 752 feliciter
592 697 716 754 coniunxit
732 711 873 767 summaque
884 697 1035 754 fremebundi
1045 699 1095 753 oris
1105 699 1216 753 libertae
1228 715 1285 756 cum

234 799 240 806 ·
299 782 461 855 praesentium
476 781 603 836 hominum
618 780 751 835 reverentia
767 779 897 850 prudenter
914 782 990 835 mixta
1006 788 1031 836 et
1043 782 1088 836 sibi
1108 788 1134 836 et
1149 783 1240 852 populo
1251 785 1284 838 ita

298 867 437 933 satisfecit,
450 873 476 919 ut
488 865 530 938 qoi
540 864 597 920 bene
608 863 650 922 diu
661 881 691 919 ue
701 864 797 919 modico
806 864 898 937 qudem
909 865 1028 920 endebrie
1039 866 1168 940 quidquam
1179 867 1284 922 mumd-

299 959 348 1008 tere
359 965 435 1005 comcs
452 956 524 1014 esset,
542 965 598 1003 mcc
614 965 707 1020 oroque
721 938 858 1021 frequentia
874 956 897 1003 ct
912 966 1022 1013 uuoessu
1038 951 1170 1006 mulcebar.
1200 949 1285 1021 Neque

299 1041 381 1091 tamen
396 1033 507 1104 ipsehoc
522 1034 547 1088 in
558 1047 672 1088 successu
689 1032 807 1104 acqrrievit
822 1047 908 1103 neque,
919 1033 977 1087 dum
988 1033 1078 1088 alienos
1095 1049 1176 1088 mores
1186 1035 1283 1104 carpsit,

300 1135 348 1176 suo
361 1125 456 1173 tantum
463 1118 563 1189 ingenio
573 1117 678 1180 indulsit,
690 1115 732 1172 sed
743 1117 905 1186 postquamin
916 1116 1035 1186 prioribus
1044 1132 1132 1172 novem
1142 1117 1221 1172 satiris
1230 1117 1285 1188 pbi-
1337 1173 1339 1176 ,

282 1197 287 1214 ’
301 1202 428 1272 loscphiac
438 1203 479 1256 vix
488 1202 563 1256 ullam
573 1203 614 1256 aut
625 1200 735 1256 notitiam
746 1204 789 1254 aut
797 1208 934 1269 respectum
943 1200 1062 1270 prodidit,
1073 1201 1119 1255 soli
1129 1200 1246 1272 denique,
1258 1206 1286 1255 ut

297 1285 437 1350 italicam,
455 1290 568 1340 externae
584 1285 678 1339 scutati
693 1285 800 1339 intentans
815 1284 985 1339 verecundiam
997 1291 1022 1338 et
1028 1282 1162 1354 pudorem,
1179 1285 1286 1339 internae

297 1371 414 1433 bonitatis
425 1362 509 1442 signa,
520 1370 609 1439 passim
625 1383 674 1423 non
689 1369 759 1426 laesit
769 1369 849 1427 minus
865 1383 938 1440 quam
954 1368 1075 1432 defendit,
1096 1369 1214 1423 adecinm
1230 1369 1285 1423 inde

299 1455 372 1525 plane
383 1461 490 1511 mutatus
507 1469 557 1509 non
567 1453 757 1525 indignationem
773 1458 867 1506 tantum
885 1451 1120 1530 reprehendendique
1131 1453 1287 1507 acerbitatem

298 1539 343 1594 scd
355 1539 499 1608 sapientiam
505 1537 588 1610 ⁸simul
598 1544 670 1608 atque
679 1536 813 1592 honestatis
828 1537 935 1592 studium
946 1551 1003 1606 prae
1021 1551 1048 1591 sc
1064 1537 1111 1590 fert
1121 1543 1196 1607 utque
1206 1538 1286 1591 minus
1318 1560 1322 1572 ι

299 1623 345 1677 sibi
357 1623 381 1676 in
393 1622 522 1676 verborum
532 1621 625 1676 lusibus
640 1621 803 1690 irrisionisque
816 1620 906 1674 aculeis
921 1621 1013 1690 placet,
1032 1621 1065 1672 ita
1076 1621 1242 1690 castigationis
1253 1621 1286 1674 ri-

298 1720 385 1776 goram
397 1705 558 1774 persuasionis
568 1711 593 1758 ct
603 1705 726 1759 doctrinae
736 1709 926 1772 temperamento
943 1701 1094 1767 moderatur:
1110 1703 1194 1772 quoin
1205 1703 1285 1756 studio

298 1789 344 1842 elsi
354 1789 410 1844 hinc
420 1788 476 1844 inde
486 1803 530 1858 pro
541 1788 642 1858 pristino
658 1787 748 1858 poetici
765 1782 864 1856 spiritus
880 1787 965 1842 ardore
980 1786 1019 1840 vel
1029 1784 1198 1840 scholasticam
1208 1785 1286 1840 Stoici

248 1861 253 1878 “
297 1873 441 1944 gratitatem
452 1871 523 1928 offert
533 1873 646 1942 ipsosque
657 1870 766 1926 acerrimi
776 1870 869 1943 ingenii
884 1885 970 1926 sensus
979 1877 1103 1940 tamquam
1119 1870 1231 1941 magistri
1241 1870 1284 1924 ali-

297 1957 366 2010 cuius
376 1956 465 2010 dictata
477 1956 573 2026 perfert
587 1955 658 2010 facile
667 1961 747 2010 tamen
759 1955 909 2026 ignoscimus
918 1956 970 2011 seui
980 1963 1080 2008 strenuo
1091 1960 1116 2008 et
1126 1953 1229 2016 amabili,
1243 1954 1285 2024 qui

296 2039 354 2094 licet
366 2046 468 2094 aemtem
485 2041 553 2111 quasi
571 2039 657 2094 baculo
675 2040 751 2106 levet,
764 2046 837 2110 caput
851 2046 932 2094 tamen
944 2053 1076 2109 numquam
1085 2038 1191 2093 demittit
1207 2052 1285 2108 neque

297 2125 381 2196 magni
393 2125 441 2178 oris
459 2125 552 2179 sonitus
564 2123 691 2193 comprimi
709 2123 814 2194 patitur,
832 2124 928 2180 sedvel
948 2123 1119 2193 octogenarius
1137 2123 1162 2177 in
1177 2122 1285 2190 nefarias

296 2208 481 2277 superstitiones
497 2209 728 2279 peregrinorumque
745 2207 892 2279 religionum
906 2208 1046 2262 foeditatem
1059 2207 1144 2281 eadem
1161 2205 1285 2261 iracundia

297 2291 434 2356 invehitur,
453 2307 499 2364 qua
512 2293 569 2347 olim
580 2293 731 2363 popularium
750 2292 885 2358 lunonem,
896 2293 1033 2356 vanitatem,
1048 2284 1172 2345 a'varitiam
1183 2291 1284 2345 notavit.

299 2375 409 2448 Namque
420 2383 541 2432 extremas
552 2378 636 2450 satiras
646 2377 694 2430 iam
705 2376 825 2432 Hadriano
837 2377 970 2446 imperante
980 2375 1083 2444 scriptas
1092 2390 1154 2441 csse,
1167 2389 1216 2429 non
1228 2372 1284 2428 lun·

296 2475 343 2514 cus
353 2466 447 2515 tantum
459 2461 555 2525 consol,
570 2475 642 2532 quem
659 2461 769 2530 superius
784 2462 985 2528 memoravimus,
1003 2459 1046 2513 sed
1059 2458 1173 2513 Fonteius
1190 2472 1285 2528 quoquc

296 2545 397 2615 arguit,
416 2545 485 2598 cuius
495 2545 665 2616 magistratum
676 2559 750 2615 quom
761 2542 812 2600 Sat.
826 2544 938 2603 xillano
957 2543 1084 2612 sexaginta
1102 2556 1219 2596 annonrm
1230 2556 1285 2611 spa·

297 2628 334 2682 tio
346 2642 360 2681 a
371 2641 414 2680 sua
431 2634 509 2682 aetate
520 2628 666 2698 distinguat,
682 2628 733 2680 sive
750 2643 773 2681 a.
785 2631 820 2684 59
833 2627 957 2681 consulem
974 2625 1134 2687 intellexeris,
1146 2625 1177 2679 ad
1189 2639 1210 2679 a.
1225 2627 1283 2687 119,

296 2710 349 2764 sive
368 2725 424 2766 cum
435 2710 569 2782 borghesio
580 2725 650 2777 eum,
667 2711 708 2782 qui
719 2726 740 2766 a.
752 2713 787 2768 67
804 2725 861 2764 cum
872 2710 901 2784 fl.
913 2710 973 2764 lulio
986 2708 1050 2763 Rufo
1062 2708 1214 2782 consulatum
1227 2721 1285 2779 ges·

297 2794 346 2859 sit,
368 2793 398 2848 ad
408 2795 487 2864 ipsum
497 2795 564 2849 lunci
577 2809 665 2850 annum
683 2797 733 2852 127
750 2809 777 2864 p.
789 2793 848 2849 Chr.
866 2793 993 2853 defueris.
1011 2791 1075 2849 unde
1089 2792 1199 2862 quintam
1219 2798 1285 2845 certe

297 2877 395 2941 librum,
405 2879 448 2949 qui
458 2880 542 2934 satiras
552 2879 648 2934 leniam
655 2878 805 2937 decbuamet
816 2884 943 2949 sequentes
949 2875 1137 2946 comprehendit,
1151 2875 1284 2930 adlladria-

297 2963 322 3015 ni
334 2968 444 3030 tempora
457 2965 576 3032 pertinere
588 2977 688 3018 necasse
697 2975 742 3017 est.
756 2962 793 3017 lle
803 2963 856 3017 solo
864 2969 949 3033 quarto
962 2961 1079 3017 librosive
1092 2960 1171 3014 satiris
1182 2959 1283 3025 decima,

295 3045 439 3114 undecima,
453 3047 603 3114 duodecima,
615 3061 676 3118 quae
687 3037 802 3117 peculiari
815 3048 931 3116 temporis
941 3052 998 3101 nota
1010 3049 1103 3108 carent,
1117 3057 1207 3113 anceps
1222 3043 1285 3098 iudi·

154 3197 156 3210 Ι
225 3135 226 3138 ’
296 3131 365 3184 cluna
376 3135 419 3194 est,
432 3131 478 3186 nisi
487 3132 552 3204 quod
560 3133 655 3186 interna
666 3131 746 3186 indole
756 3138 781 3185 et
791 3132 857 3201 ipsae
867 3131 973 3201 quintam
980 3129 1079 3201 propios
1085 3142 1157 3198 quam
1164 3133 1215 3182 tres
1220 3128 1284 3197 prio·

295 3229 338 3268 res
349 3215 486 3287 attingunt;
498 3231 544 3286 qua
556 3217 582 3271 in
592 3229 663 3270 causa
674 3215 714 3269 ille
725 3216 829 3270 manime
839 3215 908 3269 locus
916 3211 1140 3270 animadvertendus
1149 3218 1200 3279 est,
1212 3225 1285 3284 quem

295 3298 391 3356 decima
402 3300 474 3354 satira
484 3315 507 3354 v.
517 3303 568 3357 365
578 3313 632 3354 cunr
641 3298 702 3356 xlv.
714 3303 766 3359 315
777 3297 1019 3360 communemhabet,
1032 3294 1118 3367 siquis
1131 3297 1192 3351 alius
1204 3296 1283 3350 claris·

212 3393 214 3398 ’
296 3382 361 3436 sime
376 3380 487 3438 Stoicum
506 3383 575 3438 illum
592 3384 722 3454 sapientiae
745 3385 837 3438 cultum
854 3382 983 3448 exhibens,
1002 3395 1075 3452 mam
1095 3381 1131 3434 illi
1142 3379 1284 3450 philosophi

296 3467 379 3520 omnis
390 3468 494 3522 nunainis
512 3467 586 3522 instar
597 3466 767 3522 existimabant
772 3480 875 3536 praeque
884 3480 912 3520 ea
922 3482 969 3520 non
981 3465 1093 3520 fortunae
1103 3470 1196 3518 tantmn
1203 3477 1281 3527 casus,

296 3548 343 3603 sed
355 3551 428 3606 etiarn
440 3567 482 3608 eos
493 3551 551 3606 deos
561 3551 716 3622 spernebant,
729 3551 772 3622 qui
783 3565 857 3621 quum
867 3550 943 3622 vulgo
954 3563 1035 3604 rerum
1045 3549 1189 3602 naturalium
1200 3549 1284 3598 aucto·

297 3646 339 3686 res
350 3629 510 3702 haberentur,
523 3635 626 3697 maeatis
636 3635 688 3688 aliis
698 3635 784 3688 harum
794 3634 873 3688 causis
883 3649 914 3688 ne
925 3635 972 3704 ipsi
981 3632 1079 3704 quidem
1090 3631 1151 3684 ultra
1162 3629 1283 3699 legitimas

296 3711 443 3774 cerimonias
458 3720 585 3776 venerandi
605 3718 822 3780 essavidebantnr3
840 3716 911 3772 huius
922 3714 1158 3790 igiturpmdmticc,
1179 3712 1284 3767 euiusin

293 3800 459 3870 superioribus
468 3801 546 3860 satiris
558 3782 688 3860 nehomcn
703 3795 902 3876 quittanciam,
920 3805 942 3858 si
953 3819 966 3858 a
979 3807 1063 3874 quarto
1075 3796 1131 3852 inde
1142 3795 1203 3852 libre
1215 3795 1284 3852 luve-
