3050 4484
609 485 734 535 sarred
757 486 835 534 xm.

230 630 353 707 lliligies
377 628 451 687 iuter
471 634 585 688 vestras
604 634 784 706 statuamque
804 627 932 704 Vagelli.

271 712 402 791 Accipe,
427 728 502 789 quae
526 710 739 770 contra-valeat
758 711 863 778 solatia
882 711 965 772 ferre

229 796 267 857 Et
288 797 335 875 qui
357 813 413 855 nec
433 792 578 869 Cynicos,
602 810 659 853 nec
680 796 781 874 Stoica
800 795 936 872 dogmata
957 795 1030 873 legit
1116 791 1126 799 ’

229 880 257 940 Α
279 879 396 955 Cynicis
417 879 513 937 tunica
534 876 686 953 distantia,
709 896 768 937 non
786 877 946 957 llpieurum

230 965 357 1043 Suspicit
376 962 474 1038 exigui
495 962 603 1022 laetum
620 961 804 1040 plantaribus
824 962 910 1023 borti.

231 1047 373 1108 (iurentur
395 1046 472 1107 dubii
494 1046 615 1107 medicis
636 1046 795 1106 maioribus
814 1048 908 1123 aegri,

229 1132 272 1192 'l'u
303 1148 405 1192 venam
436 1130 486 1191 vel
518 1128 662 1208 discipulo
682 1132 828 1191 committe
846 1130 981 1209 Philippi.

230 1218 261 1277 Si
279 1214 386 1276 nullum
407 1215 437 1273 in
458 1214 544 1272 terris
566 1222 624 1273 tam
638 1214 821 1276 detestabile
842 1214 950 1275 iactum

231 1298 386 1375 Ostendis,
409 1306 513 1371 taceo,
537 1315 593 1356 neo
617 1300 721 1375 pugnis
746 1298 874 1360 caedere
894 1308 997 1377 pectus

229 1384 273 1445 Te
295 1390 363 1441 veto
386 1398 441 1441 nee
464 1380 556 1458 plana
572 1382 677 1441 faciem
699 1383 877 1442 contundere
899 1383 1009 1461 palma;

230 1465 471 1542 Quandoquidem
493 1474 618 1543 accepto
642 1466 802 1526 claudenda
822 1476 868 1525 est
889 1468 972 1527 ianua
994 1460 1116 1545 damno,

228 1548 267 1611 lte
288 1549 397 1609 maiore
421 1548 523 1608 domus
544 1550 669 1626 gemitu,
691 1552 800 1610 maiore
822 1551 953 1613 tumultu·

228 1634 406 1710 Planguntur
424 1633 544 1708 nummi,
567 1636 651 1711 quarn
674 1633 786 1694 lunera.
830 1633 923 1694 Nemo
945 1633 1091 1695 dolorem.

228 1716 324 1794 Fingit
346 1718 375 1781 in
394 1716 452 1775 boc
473 1734 559 1793 casu,
579 1726 691 1777 vestem
714 1718 852 1779 diducere
872 1735 1009 1779 summam

230 1800 407 1876 Contentus,
429 1818 539 1859 vexare
563 1802 666 1863 oculos
685 1800 815 1861 humore,
829 1812 949 1863 coacto:

228 1884 363 1945 Ploratur
385 1884 511 1948 lacrimis
534 1887 639 1946 amissa
662 1888 785 1964 pecunia
803 1888 893 1945 veris.

229 1969 290 2029 Sed
312 1970 336 2028 si
359 1977 461 2029 cuneta
483 1968 566 2029 vides
590 1970 673 2030 simili
694 1970 759 2029 lora
781 1970 868 2047 plena
890 1971 1033 2049 querella,

229 2052 262 2115 Si
286 2052 385 2113 decies
405 2052 493 2113 lectis
514 2053 630 2113 diversa
653 2063 735 2131 parte
755 2053 890 2113 tabellis

228 2136 505 2215 Vanasupervacui
528 2136 625 2196 dicunt
649 2132 846 2215 chirographa
867 2136 948 2215 ligni,

230 2220 335 2298 Arguit
357 2223 485 2299 ipsorum
509 2238 581 2298 quos
604 2221 700 2281 littera
723 2237 894 2299 gemmaque
918 2222 1056 2301 princeps

231 2304 463 2380 sardonychum,
483 2304 589 2364 loculis
613 2323 686 2383 quae
706 2304 871 2365 'custoditur
893 2304 1027 2365 eburnis:
1083 2364 1092 2383 ,

151 2391 155 2403 “
230 2388 321 2464 Ten',
345 2406 362 2447 o
386 2388 522 2448 delicias!
546 2398 628 2448 extra
653 2390 813 2449 communia
832 2407 938 2463 capsas

230 2472 415 2548 Ponendum,
437 2474 502 2549 quia
519 2482 548 2531 tu
571 2472 696 2549 gallinae
718 2473 795 2533 lilius
815 2471 912 2548 albae,
995 2484 1001 2495 '

229 2554 292 2615 Nos
314 2556 388 2616 viles
411 2556 502 2633 pulli,
525 2558 582 2616 nati
604 2556 769 2617 inlelioibus
792 2553 876 2616 ovis‘l

230 2638 304 2699 llem
324 2641 433 2719 pateris
454 2640 597 2700 modicam
619 2650 649 2701 et
669 2640 810 2717 mediocri
830 2640 889 2701 bile
911 2638 1072 2713 ferendam,

232 2724 263 2783 Si
285 2722 514 2784 flectasoculos
535 2726 644 2787 maiora
666 2724 702 2787 ad
724 2727 852 2787 crimina.
899 2721 1009 2784 conten
1053 2769 1056 2773 -

232 2804 413 2867 Conductum
432 2807 590 2885 latronem,
612 2809 747 2870 incendia
778 2812 888 2871 sulfure
928 2800 1035 2886 coepta

231 2890 329 2968 Atque
352 2891 437 2967 dolo,
461 2894 570 2970 primos
592 2911 678 2970 quum
699 2896 784 2955 ianua
807 2892 919 2970 colligit
939 2894 1041 2969 ignes;

233 2972 343 3034 Gonier
365 2986 395 3036 et
416 2974 488 3053 boe,
509 2978 619 3036 veteris
642 2978 691 3055 qui
713 2977 818 3053 tollunt
837 2976 959 3053 grandia
981 2975 1098 3053 templi.

230 3058 340 3119 Pocula
359 3060 523 3121 adorandae
547 3058 687 3138 robiginis
706 3071 735 3120 et
756 3060 933 3140 populorum

153 3148 165 3175 ⁴
231 3140 315 3203 Dona
337 3144 386 3204 vel
404 3146 521 3225 antiquo
542 3146 653 3224 positas
674 3162 690 3204 a
712 3162 786 3223 rege
809 3162 944 3204 coronas.

231 3224 312 3285 llaec
333 3227 373 3287 ibi
392 3230 416 3287 si
435 3246 492 3288 non
514 3238 596 3305 sunt,
617 3230 711 3289 minor
732 3238 828 3296 exstat
849 3229 1030 3305 sacrilegus,
1056 3228 1105 3304 qui
1170 3236 1221 3290 150

232 3308 326 3369 Radat
347 3312 472 3372 inaurati
486 3314 579 3373 femur
594 3312 728 3374 Herculis
752 3322 782 3373 et
804 3313 910 3373 faciem
929 3314 1021 3390 ipsam
1186 3314 1188 3320 '

231 3391 374 3472 Neptuni,
398 3396 445 3474 qui
466 3394 647 3456 bracteolam
662 3398 705 3457 ‚de
729 3395 854 3457 Castore
877 3398 976 3462 ducam

232 3476 278 3535 An
300 3478 427 3557 dubitet,
444 3480 553 3539 ‘solitus
573 3490 662 3540 totum
685 3482 814 3541 conllare
837 3475 1016 3542 Tonantem?
1051 3506 1054 3512 ·

232 3556 343 3621 Gonler
365 3573 394 3623 et
416 3563 543 3624 artifices
562 3574 815 3643 mercatoremque
836 3566 941 3623 veneni

231 3640 269 3703 llt
292 3644 490 3708 deducendum
509 3650 590 3708 corio
608 3648 693 3711 bovis
712 3652 740 3708 in
761 3667 858 3723 mare,
881 3666 944 3707 cum
966 3663 1025 3727 quo

233 3723 382 3790 Clauditur
404 3731 534 3807 adversis
555 3734 672 3792 innoxia
694 3734 775 3793 simia
793 3733 870 3793 fatis.
942 3816 953 3831 „
