3050 4484
794 294 810 361 ἓ

293 461 357 512 vm
679 459 888 510 rnasrnuro.

291 609 327 662 vis
337 607 538 676 locupletissimus
549 617 633 662 auctor
642 607 700 663 satis
711 607 787 671 cauit,
799 612 827 660 ut
837 605 934 660 exilium
945 611 1031 676 poetae
1042 620 1056 660 a
1066 606 1150 660 mortis
1160 612 1269 676 tempore

291 691 462 762 seiungamus;
477 705 549 761 quem
565 690 628 760 quod
645 679 689 744 ille'
701 691 782 744 statim
793 696 849 758 post
859 697 973 758 acceptos
987 689 1110 743 codicillos
1120 689 1200 744 animo
1211 703 1270 745 con-

291 781 423 830 sternatum
434 790 464 828 ex
474 774 623 846 aegritudine
634 773 721 832 obiisse
732 775 818 830 iactat.
835 789 867 828 nc
878 774 900 826 si
910 773 1037 828 Traianum
1047 773 1144 844 quidem
1153 773 1268 827 retinere-

291 874 360 925 mus,
372 856 428 914 lerri
440 863 534 928 posset,
551 859 606 927 quia
617 857 751 917 Iuvenalem
768 857 797 913 ad
808 857 953 912 Hadrianum
968 871 1045 926 usque
1060 857 1148 911 uixisse
1164 864 1268 924 constat,

291 943 379 997 nedum
393 943 414 996 si
423 939 599 1006 Domitianum,
617 954 665 1012 quo
681 948 777 999 mortuo
792 942 818 995 in
827 941 927 1010 patriam
948 955 1068 996 reuersum
1085 954 1139 994 esse
1152 940 1191 994 vel
1207 940 1270 1010 lapis

291 1026 331 1080 ille
348 1026 441 1096 arguit;
463 1026 527 1096 atqni
543 1039 574 1078 ne
584 1023 631 1080 hnc
648 1026 743 1094 quidem
762 1039 846 1079 omnes
862 1023 1145 1089 communitertradnnt,
1161 1024 1204 1079 sed
1222 1024 1269 1079 etsi

290 1115 383 1164 mature
403 1108 465 1179 apud
479 1109 650 1180 grammaticus
666 1123 694 1186 ea
711 1109 792 1178 opinio
813 1109 940 1164 invaluisse
956 1108 1063 1174 videtur,
1084 1114 1112 1161 ut
1131 1107 1202 1162 exilio
1219 1123 1267 1162 non

291 1194 331 1248 diu
348 1200 468 1262 superstes
486 1193 557 1246 luisse
568 1193 718 1256 crederetur.
736 1207 798 1246 unus
812 1198 895 1247 tamen
905 1193 984 1260 ipsam
995 1191 1095 1246 exilium
1105 1207 1118 1246 a
1129 1190 1267 1246 Domitiano

290 1277 320 1332 ad
330 1276 476 1330 Antoninum
485 1290 561 1346 nsque
575 1276 712 1341 continuat,
730 1276 791 1330 alter
804 1277 842 1330 vel
860 1282 1034 1345 praematuram
1045 1281 1148 1329 mortem
1163 1290 1218 1329 cum
1229 1289 1267 1328 re-

290 1359 341 1416 ditu
357 1359 387 1414 ab
404 1359 475 1414 exilio
486 1359 579 1433 iungit;
597 1360 684 1430 quain
701 1359 843 1414 contusione
858 1359 917 1415 nihil
932 1358 1003 1414 nobis
1012 1359 1165 1429 relinqantur,
1182 1360 1228 1414 uisi
1238 1365 1268 1413 ut

289 1449 368 1498 morte
378 1450 403 1497 et
420 1443 490 1498 exilio
501 1458 598 1514 prorsus
609 1443 843 1513 intersedisparatis
860 1444 1002 1514 denuoque
1012 1443 1037 1497 id
1047 1457 1190 1514 sequamur,
1202 1442 1266 1514 quod

289 1534 331 1582 aut
340 1534 482 1598 argumenta
499 1542 529 1582 ex
545 1527 624 1583 sobria
641 1528 739 1582 testium
755 1528 931 1583 existimatione
947 1528 1048 1596 repetita
1072 1533 1113 1580 aot
1130 1534 1266 1597 temporum

289 1618 360 1666 notae
371 1611 429 1680 ipsis
440 1617 525 1680 poetae
535 1611 613 1666 satiris
623 1611 753 1681 impressae
762 1611 941 1667 commendent.
1071 1666 1074 1668 ,

373 1694 437 1748 llaec
447 1701 527 1748 autem
544 1709 573 1750 co
584 1695 664 1764 potius
674 1711 718 1752 nos
730 1695 880 1757 conducunt,
898 1702 925 1749 ut
936 1708 1020 1748 omnes
1030 1692 1215 1762 quashahemus
1226 1707 1266 1746 sa·

288 1780 411 1848 tiraspost
421 1778 517 1834 exilium
530 1777 627 1834 demum
643 1779 793 1850 reditumque
810 1793 841 1832 ex
851 1778 972 1849 Britannia
988 1777 1090 1844 scriptas¹
1108 1791 1161 1829 esse
1172 1782 1265 1846 ceruum

288 1863 328 1918 sit.
359 1861 420 1916 Nam
430 1863 464 1916 ad
471 1863 571 1917 medium
583 1863 635 1933 sere
651 1870 748 1918 melotem
763 1877 882 1917 consensu
891 1862 989 1927 ttstium
1004 1860 1154 1921 mmmm,
1170 1859 1218 1914 hoc
1228 1866 1265 1914 est

289 1946 496 2000 exercitationibus
506 1951 531 2000 ct
542 1946 741 2002 ostentationibus
751 1945 877 2000 rhetoricis
888 1959 987 2015 operam
1002 1943 1081 2011 dedit,
1096 1943 1173 1998 omrai
1188 1943 1265 2014 mcpie

249 2029 250 2035 ’
288 2039 367 2092 comm
376 2045 445 2101 quun
451 2029 514 2102 quod
523 2030 615 2087 edoma
625 2047 651 2084 ec
660 2038 702 2086 cut
709 2030 765 2100 foro
765 2036 931 2101 prosperaret,
942 2029 1001 2084 sats
1009 2029 1121 2083 uiurimm
1128 2027 1263 2090 comniode

289 2119 316 2168 ut
324 2113 396 2167 iidem
407 2113 557 2184 grammatici
568 2119 702 2178 testantur,
720 2129 733 2167 a
744 2128 771 2168 re
780 2114 890 2168 familiari
900 2113 1059 2178 constitimus,
1070 2120 1099 2166 ut
1109 2113 1151 2184 qui
1161 2110 1265 2166 libertini

288 2189 530 2268 imputationum
538 2196 605 2268 filius
614 2215 647 2252 au
658 2197 767 2252 uiuamus
780 2197 814 2252 ud
825 2197 939 2270 eqrtmdm
957 2195 1051 2253 ordtote
1061 2196 1264 2268 dimittimur·

287 2273 404 2343 omissum
426 2296 473 2350 quo
494 2282 608 2350 temporis
624 2283 701 2351 spatio
719 2283 792 2336 etiarn
807 2286 864 2339 cunt
880 2279 987 2337 Martiale
1001 2281 1185 2336 familiaritatem
1199 2279 1265 2333 illam

287 2365 376 2428 iunxit,
395 2365 464 2418 cuius
476 2363 520 2418 nic
536 2365 694 2420 honorificum
711 2373 736 2420 et
752 2379 829 2435 paene
846 2365 949 2421 dixerim
963 2365 1065 2420 nimium
1080 2370 1265 2420 monumentum

169 2495 185 2507 ,
287 2447 371 2519 Epigr.
382 2447 431 2502 Vll.
443 2451 479 2502 24
488 2449 598 2520 reliquit:
614 2464 692 2520 neque
703 2450 787 2506 arnicis
802 2455 868 2504 certe
877 2449 1038 2520 eloquentiam
1049 2450 1101 2504 eius
1115 2448 1266 2518 displicuisse

285 2532 385 2603 [mandi
396 2531 522 2600 appellatio
539 2533 600 2602 apud
612 2533 715 2588 eundem
730 2533 780 2588 vlt
791 2536 826 2591 91
837 2533 958 2595 declarem
978 2548 1009 2588 ex
1019 2534 1103 2589 eadem
1115 2537 1195 2586 autem
1205 2545 1265 2584 cun·

287 2615 412 2670 suetudine
422 2614 546 2670 haudscio
563 2631 592 2669 an
603 2617 707 2686 primum
724 2617 793 2672 illum
803 2624 916 2672 conatum
933 2617 1056 2686 poeticum
1065 2623 1173 2685 repetere
1183 2613 1262 2680 liceat,

287 2713 358 2770 quern
368 2713 442 2769 quum
451 2700 514 2752 ritae
525 2699 654 2768 scriptores
662 2715 762 2770 parvom
772 2701 871 2754 mtirom
881 2701 1015 2770 appellent,
1033 2700 1143 2770 equidem
1153 2697 1265 2766 superius

287 2783 319 2837 ad
327 2781 549 2853 epigrammaticum
560 2797 641 2853 genus
649 2798 762 2839 revocare
772 2784 854 2840 malui.
865 2785 960 2854 Aliquid
969 2785 1053 2854 ntique
1060 2774 1131 2837 etiam
1142 2782 1264 2850 epigram·

286 2865 344 2920 mati
363 2880 419 2920 curu
430 2866 502 2920 satira
520 2881 649 2922 commune
664 2874 713 2932 est,
732 2883 779 2924 neo
794 2868 858 2939 quod
872 2867 985 2922 llartialis
995 2867 1025 2922 ll.
1038 2869 1073 2922 33
1083 2866 1133 2920 suis
1144 2864 1264 2935 epigram-

286 2949 357 3003 matis
367 2949 516 3020 propositum
528 2965 580 3004 esse
591 2952 675 3014 iactat,
685 2969 786 3023 parcere
791 2952 911 3022 potonis,
924 2951 1042 3008 dtoerede
1051 2949 1124 3013 etto,
1136 2948 1263 3002 satiramm
1295 3010 1302 3025 Ι
1408 2940 1409 2961 ’

285 3033 388 3102 scriptur
399 3048 412 3087 a
423 3048 450 3088 se
467 3035 570 3090 alienum
585 3036 690 3105 putabita
707 3038 759 3106 ipso
776 3043 856 3090 mmen
872 3049 962 3106 genere
977 3033 1041 3088 aliud
1056 3039 1094 3090 cst
1103 3033 1261 3103 epigramma,

286 3117 390 3188 quodne
406 3118 463 3172 vitia
473 3121 569 3189 quidem
580 3119 648 3174 aliter
659 3135 687 3176 ae
697 3120 884 3190 ludenstangit‚
903 3118 968 3173 aliud
978 3118 1062 3181 satira,
1080 3116 1194 3188 quaenbi
1206 3117 1263 3171 vitia

208 3253 209 3262 ,
285 3200 430 3272 insequitur,
447 3216 478 3256 ne
488 3218 601 3272 personas
612 3203 708 3274 quidem
719 3205 820 3258 intactas
831 3203 964 3274 relinquere
971 3207 1067 3271 poleam
1081 3200 1194 3271 quemad
1206 3216 1263 3255 unr-

234 3287 238 3294 '
285 3299 349 3339 marn
365 3286 385 3340 si
401 3286 532 3342 uersiculos
542 3287 597 3342 illos
613 3303 655 3356 per
666 3288 768 3353 scsolos
784 3287 917 3357 exigimus.
928 3283 992 3339 haud
1003 3284 1054 3339 scio
1063 3300 1096 3343 an
1104 3285 1172 3340 lusus
1181 3286 1264 3354 potius

285 3383 356 3440 quam
371 3371 495 3424 censoriae
504 3371 629 3442 gravitatis
640 3378 722 3426 notam
733 3376 835 3441 geronta
847 3383 894 3422 nec
902 3368 968 3438 qood
978 3368 1076 3429 eusdem
1086 3369 1171 3424 maiori
1181 3375 1263 3438 poste-

284 3453 334 3506 rius
344 3453 431 3507 satirae
441 3449 559 3509 Iuvenalis
570 3454 681 3517 inseruit,
700 3453 923 3525 epigrammaticum
931 3451 1029 3506 illomm
1039 3453 1145 3512 indolem
1161 3451 1261 3512 minuit;

187 3561 193 3566 ·
284 3535 359 3590 immo
376 3541 491 3607 quantum
502 3536 612 3608 equidem
626 3537 755 3603 septimio
772 3536 824 3590 aliis
841 3551 938 3607 quoque
954 3537 1081 3592 satirarum
1092 3539 1144 3592 eius
1153 3534 1262 3605 partibus

284 3619 365 3674 lusum
376 3625 400 3673 et
409 3619 600 3692 indignationem
615 3626 665 3674 tam
677 3631 750 3692 aegre
767 3621 901 3684 discernas
918 3627 947 3676 ut
966 3621 1086 3677 interdum
1101 3621 1262 3689 epigramma·

284 3708 337 3758 tum
347 3703 427 3773 potius
445 3704 531 3759 seriem
543 3703 597 3760 laxa
613 3706 785 3781 sententiarum
796 3706 953 3765 continuitate
961 3706 1075 3765 juncum
1088 3701 1275 3774 ingerentes.

284 3785 332 3852 cist
350 3785 415 3858 quod
424 3785 466 3842 ubr
476 3785 506 3842 ad
520 3793 627 3844 veterem
637 3789 767 3846 inventutis
777 3789 976 3846 consuetudinem
990 3804 1092 3855 revoco,
1111 3785 1158 3842 hoc
1167 3791 1263 3841 tantum
