3050 4484
619 430 745 484 santus
767 430 830 480 ΧΠ.

239 570 393 635 'l'esticuliz
417 570 491 631 adeo
513 568 683 631 medicatum
706 568 977 649 intellegitinguea.

124 714 125 721 ,
239 656 382 729 Fundite,
387 671 471 733 quae
493 670 557 713 mea
577 661 657 728 sunt,
679 652 812 728 dicebat,
837 660 956 729 cuncta,
979 636 1120 731 cantio,
1203 684 1207 688 ·

124 742 125 785 t
239 740 433 818 Praecipitare
453 737 556 799 voleus
579 738 664 797 etiam
686 736 895 814 pulcherrima,
914 745 1025 797 uestem
1192 803 1197 814 ἶ

124 856 127 889 ι
239 824 430 901 Purpuream,
450 821 558 883 teucris
578 836 694 899 quoque
716 818 933 883 Maecenatibus
954 828 1061 902 aptam,

239 907 334 985 Atque
353 905 441 980 alias,
463 922 581 985 quarum
602 902 741 982 generosi
762 904 898 981 mominis
920 905 1014 982 ipsum

238 990 341 1051 Infecit
362 998 462 1049 natura
483 1006 589 1067 pecus,
613 988 666 1049 sed
689 996 718 1047 et
739 990 880 1065 egregius
899 986 966 1049 fons

237 1074 353 1135 Viribus
376 1070 499 1132 occultis
521 1081 550 1131 et
572 1072 706 1133 Baeticus
728 1071 922 1133 adiuratum.

238 1157 291 1218 itte
312 1174 369 1215 nec
390 1164 539 1233 argeutum
560 1154 708 1217 dubitabat
729 1156 859 1231 mittere,
881 1156 982 1217 lauces

238 1240 391 1301 Parthenio
410 1238 519 1315 factas,
542 1256 630 1299 urnae
653 1246 766 1299 crutam
786 1257 926 1317 capacem

238 1323 274 1383 Et
296 1324 412 1401 dignum
433 1322 546 1391 sitiente
568 1321 659 1383 Pholo
681 1321 729 1383 vei
752 1323 876 1399 coniuge
899 1322 1001 1396 Fusci3

238 1407 322 1469 Adde
342 1416 372 1466 et
393 1404 554 1467 bascaudas
576 1405 853 1480 statuissemus,
874 1405 994 1469 multum

239 1490 366 1565 caelati,
390 1488 506 1549 biberat
522 1505 580 1567 quo
603 1488 723 1550 callidus
745 1497 858 1567 emptor
879 1488 1006 1565 Olynthi.

238 1574 298 1635 Sed
320 1574 385 1652 quis
405 1590 481 1633 nuuc
502 1572 590 1649 alius,
613 1590 668 1651 qua
690 1571 786 1635 mundi
807 1581 891 1650 purte
911 1574 977 1651 quis·
993 1572 1080 1638 nudet

238 1658 370 1734 Argento
387 1656 539 1735 praeferre
561 1665 647 1735 caput
668 1655 815 1735 rebusque
837 1653 981 1718 salntem?

239 1738 1014 1905 ddiidid‘0⁹in‘bidid'¹¹¹ss.diddbb¹bd¹dd}”¹’

237 1908 362 1969 Iactatur
381 1925 477 1969 rorum
497 1907 605 1967 utilium
626 1925 693 1985 pars
714 1911 853 1984 maxima,
874 1909 928 1969 sed
949 1927 1006 1970 uec

237 1990 346 2053 Damna
366 1990 477 2058 levaut;
499 1999 568 2051 tuuc
588 1990 720 2051 adversis
740 1991 910 2067 urgentibus
931 1991 1002 2054 illuc

238 2074 387 2150 Reccidit,
408 2083 438 2133 nt
459 2073 563 2133 malum
585 2073 664 2133 ierro
687 2075 892 2150 summitteret„
915 2090 950 2132 ac
971 2092 1005 2133 sc

237 2158 373 2237 Explicat
395 2166 560 2234 augustum:
584 2156 753 2219 discriminis
773 2156 883 2231 ultima,
907 2156 1021 2235 quaudo

237 2241 384 2303 Praesidio
406 2241 550 2301 afferimus
570 2258 672 2301 navem
693 2240 806 2302 iactura
826 2241 974 2302 minorem.

236 2326 249 2387 1
271 2343 346 2387 nnnc
368 2334 398 2385 et
418 2326 512 2387 sontis
534 2325 655 2387 animan
678 2325 838 2399 committe,
862 2323 960 2386 dolato

238 2408 372 2469 Gontisus
392 2408 489 2485 ligno,
513 2407 609 2484 digitis
630 2426 647 2469 a
668 2416 761 2469 morte
780 2416 909 2471 remotus

237 2494 380 2567 Quattuor
401 2500 449 2553 aut
470 2499 597 2569 septam,
620 2493 645 2551 si
668 2493 704 2553 sit
724 2491 861 2553 latissima
879 2489 982 2564 oeta,

236 2575 307 2637 Mox
326 2594 391 2637 curs
408 2576 539 2637 reticulis
558 2584 587 2637 et
604 2593 679 2654 pauc
703 2584 732 2637 et
753 2584 855 2638 ventre
877 2573 1000 2652 lagonae

238 2660 348 2739 Aspice
370 2658 523 2723 sumendas
544 2660 573 2719 in
594 2667 767 2739 tempestate
790 2676 920 2722 secures

1184 916 1221 971 40

1185 1331 1225 1385 45-

1185 1752 1221 1805 50

1185 2169 1219 2223 55

1184 2585 1220 2640 60

237 2744 298 2805 Sed
320 2753 472 2822 postquam
490 2744 585 2803 iacuit
597 2744 711 2823 planum
731 2762 828 2818 mure,
848 2752 981 2823 tempora
998 2750 1150 2824 postquam
1265 2813 1269 2819 .

237 2826 383 2907 Prospera
403 2828 532 2889 vectoris
554 2827 721 2907 fatumque
719 2827 861 2889 valentius
882 2843 954 2888 suro

236 2910 274 2970 Et
295 2910 419 2989 pelago,
442 2919 594 2991 postquam
614 2910 722 2973 Paucae
743 2911 863 2973 meliora
885 2909 1011 2987 benignu

236 2993 329 3054 Pensa
350 3013 434 3055 mauu
455 2995 560 3057 ducunt
581 2992 689 3055 bilurcs
711 3002 740 3053 et
758 2994 887 3057 staminis
906 2992 966 3053 sibi

234 3076 395 3153 Lanificae,
416 3078 529 3139 modica
547 3095 602 3139 ucc
622 3077 738 3139 multum
758 3077 862 3141 iustior
879 3095 947 3137 aura

234 3162 347 3223 Ventus
369 3124 466 3222 adest:
486 3162 565 3260 inopi
583 3158 757 3223 miserabilis
777 3170 840 3221 arte
861 3163 986 3223 cucurrit

234 3244 374 3307 Vestibus
396 3247 525 3307 extensis
547 3254 593 3320 et,
617 3244 693 3324 quod
712 3241 902 3322 superauerat
922 3264 1017 3322 unum,

234 3329 312 3391 Velo
335 3347 422 3409 prora
444 3346 507 3389 suo.
548 3290 607 3391 ludu
624 3328 826 3389 deicientibus
845 3330 950 3389 austris
1078 3383 1086 3400 ,

235 3414 312 3493 Spes
335 3415 411 3473 vitae
433 3432 497 3475 cum
519 3412 985 3490 soleredit3tuucgratus1ulo

176 3542 181 3553 .
234 3497 332 3577 Atque
353 3497 503 3557 novercali
525 3496 613 3557 sedes
635 3460 765 3574 praelata
785 3496 893 3559 Larino

235 3578 420 3659 Conspicitur
441 3580 571 3643 sublimis
592 3597 686 3657 apcx,
707 3582 753 3643 cui
773 3566 904 3643 candidu
914 3595 1020 3642 nomeu

234 3662 340 3723 Scrofa
362 3663 455 3741 dedit,
478 3664 562 3727 laetis
584 3661 744 3739 Phrygibus
767 3662 897 3726 mirabile
920 3680 1031 3740 sumen,

277 3767 332 3807 ιιι.
356 3767 417 3807 ssu.
994 3756 1011 3809 6

1183 3002 1219 3056 65
