3050 4484
321 456 408 504 XXVI
707 451 914 500 PRAEFATIO.

305 655 307 658 .
321 598 490 654 munditiarum
506 597 600 652 illarum
610 596 702 652 lructus
713 596 847 665 perueniat,
858 603 1003 667 tantumque
1013 596 1080 651 abest
1092 605 1120 652 ut
1130 597 1216 652 bomon
1227 609 1295 650 men-

320 683 356 736 tio
372 683 476 751 priorem
491 682 573 736 locum
588 679 695 752 flagitet,
711 686 738 733 nt
756 680 803 732 nisi
820 680 964 749 antegressis
979 679 1102 744 sordibus,
1120 695 1167 751 qno
1177 679 1293 734 ouum

320 772 425 834 spectet,
443 765 540 819 omniuo
558 778 606 820 non
624 762 751 834 intelligas.
767 791 803 800 —·
822 763 849 816 V.
858 767 912 819 585
929 762 1027 831 optione
1042 763 1097 817 data
1114 771 1195 818 utrum
1204 761 1293 816 dodaott

320 847 444 903 Prtbceani
461 849 486 902 in
501 846 568 902 dudit
584 862 614 900 an
626 845 682 900 inde
698 843 808 900 inlodus
818 852 949 908 mutarem,
967 860 1022 899 cum
1034 846 1153 918 plerisque
1163 845 1294 899 editoribus

320 932 477 1002 posteriorem
494 932 610 986 rationem
627 928 688 983 hanc
699 930 802 983 maxime
813 929 844 982 ob
854 943 951 981 causam
961 930 1075 997 praetuli,
1093 931 1147 1000 quia
1158 929 1294 999 astrologos

319 1029 415 1085 quoque
426 1014 513 1086 aliquid
524 1013 622 1084 epitheti
632 1012 743 1081 postolat,
755 1011 820 1082 quod
829 1012 904 1080 ipsius
910 1025 966 1066 cum
976 1012 1087 1068 diuitibus
1095 1011 1295 1067 necessitudinem

320 1097 433 1154 declaret.
465 1097 573 1160 Iahnius,
585 1096 648 1166 apud
663 1109 735 1164 quem
751 1093 834 1166 Plnrpc
849 1111 927 1165 oopus
942 1102 964 1149 et
980 1096 1038 1150 inde
1053 1097 1181 1151 mommo
1197 1096 1292 1166 legitur,

320 1187 438 1236 detrorum
448 1181 573 1252 nmndipoc
578 1179 657 1248 petito
668 1177 830 1246 promiscuum
840 1181 934 1232 tantum
944 1186 1070 1249 praestum
1081 1179 1189 1250 reliquit:
1202 1186 1227 1232 at
1236 1178 1295 1232 mili

319 1264 385 1319 bunc
395 1266 475 1334 potius
487 1263 599 1332 opulenta
609 1262 694 1316 mulier
704 1268 770 1315 certa
787 1262 883 1316 merede
898 1262 944 1316 sibi
961 1263 1092 1334 adiungere
1101 1263 1208 1325 videtur,
1221 1277 1295 1332 quum

320 1347 423 1418 Phrygis
434 1353 458 1400 et
469 1346 521 1400 lndi
532 1345 730 1400 consultationem
744 1346 792 1399 iam
808 1345 967 1416 peregrinitas
982 1353 1008 1399 et
1017 1354 1110 1400 remota
1120 1346 1195 1416 patria
1205 1347 1293 1415 pretio-

318 1433 407 1486 siorem
419 1430 497 1486 iaciat.
517 1457 560 1468 -
576 1428 605 1481 V.
617 1431 668 1486 589
685 1429 831 1498 praeclaram
841 1428 954 1500 Madvigii
970 1431 1132 1484 coniecturam
1143 1445 1236 1484 canaan
1249 1444 1293 1499 pro

319 1530 405 1569 ammo
415 1514 531 1568 asciscere
541 1528 589 1568 non
600 1511 720 1575 dubitavi,
737 1513 778 1566 cui
792 1526 930 1583 repugnans
941 1513 1070 1567 Teuffelins
1088 1512 1190 1568 inlahn.
1208 1513 1293 1567 Annal.

320 1595 440 1658 1111111,
456 1612 480 1666 p.
494 1601 545 1654 123
556 1611 605 1650 non
621 1595 787 1650 animadvertit
796 1597 868 1650 etiam
882 1596 957 1672 eodm
972 1597 1023 1651 sola
1033 1595 1144 1651 Salmasii
1153 1602 1180 1650 et
1190 1595 1294 1649 lmcncii
1402 1632 1407 1643 .

319 1681 457 1734 coniectura
467 1679 524 1741 niti;
541 1681 592 1748 ipse
602 1693 658 1733 verc
670 1694 727 1733 mox
743 1682 830 1737 1603
846 1680 954 1750 decepto
970 1695 1014 1749 pro
1033 1679 1129 1750 decepto
1145 1679 1293 1749 periclitatus

318 1779 387 1827 sum,
405 1779 452 1833 quc
463 1763 527 1816 lacto
538 1764 610 1816 etiam
621 1762 713 1818 facilins
724 1769 793 1836 mqaae
802 1778 846 1832 pro
858 1780 929 1834 coepe
939 1763 1034 1816 retineri
1049 1768 1150 1831 poterat
1182 1761 1243 1816 Nam
1252 1764 1294 1832 qui

318 1847 414 1917 decepto
430 1846 502 1917 legit,
519 1861 605 1900 novam
624 1847 722 1918 petendi
732 1847 855 1903 notionem
865 1847 937 1900 etiam
947 1845 1051 1900 adverbii
1064 1846 1214 1901 iterationem
1224 1846 1311 1917 flagi·-

318 1936 370 1984 tare
379 1936 461 1998 putet;
474 1936 499 1983 at
508 1930 669 2000 supponendis
680 1930 760 1998 pueris
770 1937 825 1984 vota
835 1945 885 1984 non
895 1929 966 1983 modo
977 1929 1238 2000 nondecipiuntur‚sed
1250 1931 1295 1983 im·
1405 1988 1406 1991 Ἴ

318 2013 414 2083 plentur
424 2019 448 2067 et
458 2013 545 2084 gandia
555 2014 662 2084 quamvis
670 2014 734 2068 irrita
747 2020 870 2073 creantur;
881 2011 993 2066 substitui
1003 2013 1092 2084 igitur,
1112 2029 1160 2084 quo
1171 2013 1239 2082 pueri
1248 2014 1295 2082 ipsi
1405 2018 1406 2043 l

318 2103 373 2151 octo
383 2103 412 2150 ut
427 2096 492 2151 Pers.
504 2096 532 2152 ll.
552 2100 586 2154 35
604 2112 661 2167 spes
675 2113 754 2150 macco
764 2102 893 2154 nocentur.
911 2109 957 2150 nec
974 2096 1058 2150 dubito
1070 2098 1127 2168 quin
1145 2097 1295 2167 suppositicin

319 2180 414 2251 decerpi
424 2181 456 2234 od
467 2197 565 2251 spurcos
574 2181 639 2236 lamo
651 2180 735 2235 eodem
746 2180 798 2234 iure
807 2180 910 2249 possint,
928 2195 976 2250 quo
986 2194 1058 2250 supra
1069 2196 1092 2234 v.
1104 2184 1138 2238 61
1151 2180 1292 2235 semineces
1405 2176 1406 2187 ¹

319 2265 452 2335 porticibus
463 2265 574 2318 cuneisve
584 2264 678 2334 eccetpi
688 2263 835 2318 dicebantur.

405 2347 505 2402 Liblll.
517 2345 567 2402 Sat.
575 2347 626 2403 Vll.
637 2364 659 2401 n.
672 2349 712 2402 14.
726 2352 758 2404 15
770 2346 863 2401 adeam
874 2348 975 2417 formam
985 2347 1076 2419 redegi,
1088 2362 1160 2419 quam
1170 2347 1200 2402 de
1210 2345 1294 2402 (lodic.

319 2431 400 2486 lunen.
421 2447 445 2501 p.
458 2434 492 2490 19
508 2431 638 2500 proposui,
657 2437 683 2484 ut
692 2429 791 2503 Bitbyni
808 2430 930 2486 ctAeiooe'
945 2432 1012 2486 locos
1029 2439 1191 2500 permutarent
1202 2437 1226 2484 et
1239 2434 1305 2485 ante‘
1322 2425 1324 2428 ⁴

318 2531 458 2588 quamquem
473 2529 567 2568 comma
583 2515 720 2580 tolleretur,
737 2516 938 2585 quemadmodum
948 2515 988 2567 Vl.
1001 2516 1052 2571 198
1067 2515 1139 2568 simili
1150 2516 1175 2568 in
1185 2521 1294 2568 constru-

320 2599 400 2652 ctione
410 2597 461 2652 lieri
471 2598 594 2659 videmus;
605 2597 653 2652 hoc
664 2604 743 2652 autem
754 2598 819 2653 sacto
835 2615 866 2653 ne
881 2615 904 2655 a.
917 2603 952 2654 15
961 2597 1110 2667 cPinzgerc
1122 2603 1147 2650 et
1157 2596 1293 2650 Heinricbio

319 2688 417 2750 propter
434 2681 618 2736 enumerationis
633 2681 781 2736 nimietatem
799 2683 951 2742 damnemus,
969 2679 1104 2749 prohibebit
1120 2679 1170 2734 XV.
1182 2684 1240 2745 125,
1251 2678 1294 2732 ubi

322 2780 371 2818 non
387 2765 465 2819 minor
475 2763 600 2818 nationum
613 2779 726 2820 numems
736 2766 826 2837 insigni
841 2780 897 2819 cum
913 2763 1090 2816 denudatur.
1105 2789 1142 2800 —
1153 2761 1182 2815 V.
1194 2765 1229 2820 23
1241 2779 1294 2816 ero-

268 2847 273 2852 ’
319 2863 373 2902 cece
434 2845 531 2904 todellua
542 2848 578 2903 vel
590 2848 775 2903 invitisPitboeo
791 2858 816 2901 et
825 2848 908 2901 labnio
922 2847 1038 2909 revocavi,
1049 2846 1105 2916 quia
1115 2845 1254 2900 membrana
1263 2846 1295 2900 ad

318 2931 446 2994 tabellam,
461 2947 510 2986 non
526 2931 586 2988 baec
603 2933 633 2988 ad
649 2933 714 2986 illam
731 2932 833 3001 pertinet
851 2931 942 2999 ipsique
952 2929 1139 2984 ablativiemoeo
1201 2927 1291 2991 tudelle

321 3030 381 3085 quos
392 3013 454 3070 Pitlr.
466 3014 575 3082 emittet,
594 3017 703 3086 antiquae
714 3014 849 3068 confusioni
861 3013 979 3083 originem
992 3011 1080 3066 debere
1089 3013 1212 3075 videntur,
1225 3013 1295 3066 cuius
1404 3058 1405 3061 ,

319 3096 401 3154 Schol.
413 3099 484 3154 lectio
496 3115 577 3154 moneo
588 3139 594 3152 .
605 3140 624 3154 ..
642 3097 738 3152 tabellae
758 3097 860 3167 neugio
878 3096 972 3166 prodit,
988 3111 1133 3166 quamquam
1147 3097 1195 3151 iam
1209 3096 1294 3166 optimi

319 3183 410 3236 codicis
420 3184 524 3238 secunda
535 3197 620 3237 manus
633 3197 726 3236 croceae
736 3180 880 3250 corrigendo
888 3180 980 3234 inuiam
991 3179 1067 3234 rediit.
1079 3207 1115 3219 -
1127 3180 1155 3235 V.
1161 3183 1196 3239 39
1205 3188 1231 3234 to
1240 3193 1294 3233 mea
1404 3184 1405 3235 1

318 3265 411 3320 medela
430 3273 480 3332 est,
500 3281 546 3336 qua
563 3266 647 3320 melior
663 3263 743 3318 sensui
754 3263 883 3318 afferrivix
896 3263 988 3332 potuim
1004 3263 1035 3317 de
1045 3279 1105 3318 voce
1117 3264 1294 3318 iamveteribus

223 3353 229 3366 “
319 3365 368 3404 non
378 3349 514 3404 constitisse
524 3349 640 3404 librorum
651 3347 777 3401 varietates
794 3347 924 3401 ostendunt
933 3354 972 3411 ot,
983 3354 1037 3413 out,
1049 3365 1090 3411 oc,
1103 3363 1164 3419 quae
1173 3347 1294 3420 quomodo

319 3447 351 3486 eu
367 3433 469 3502 simplici
479 3431 603 3486 Pithoeaui
619 3437 641 3485 et
656 3431 712 3485 oriri
728 3431 862 3500 potuerint,
881 3444 955 3501 aegre
964 3431 1100 3502 intelligam
1117 3439 1158 3486 orat
1169 3439 1193 3486 et
1203 3439 1294 3485 macro

319 3514 621 3572 etiamvlll.229ccnlusa
631 3528 684 3568 esse
695 3513 812 3568 sidentur.
823 3513 1021 3571 Necv.48unius
1031 3515 1211 3578 memorosum,
1222 3528 1295 3584 quam

318 3614 350 3654 eu
360 3587 424 3654 Pithl
432 3598 527 3652 lahnius
537 3598 655 3661 enotavit,
670 3597 693 3652 id
705 3599 769 3666 apud
777 3613 817 3651 me
827 3598 921 3667 pondus
930 3597 1026 3662 babuit,
1038 3606 1065 3652 ut
1074 3599 1196 3670 memeque
1205 3597 1296 3651 rectiars
1356 3659 1359 3663 ⁴

317 3695 390 3752 optram
403 3695 458 3734 cum
468 3681 564 3751 reliquis
576 3681 687 3738 omuibus
696 3683 806 3756 eramque
815 3682 866 3754 legi
875 3683 1004 3748 crederem,
1016 3683 1105 3738 nedum
1115 3681 1216 3738 nboab
1227 3694 1296 3735 ccm-

318 3764 385 3818 muni
402 3764 513 3822 omnibus
527 3763 644 3822 cobiberi
659 3766 689 3821 ad
707 3765 854 3821 medeam
870 3767 970 3822 transire
987 3766 1134 3829 amussim,
1151 3779 1297 3836 quamquam
