3050 4484
656 413 781 494 surrex
802 445 839 492 11.

320 586 386 647 Non
405 586 468 646 tulit
490 605 527 645 ex
548 585 607 645 illis
628 593 740 644 torvum
762 580 883 643 Laronia
906 582 1048 662 quendam
1154 579 1158 584 ’

260 670 437 732 clamantem
458 671 563 729 toties:
585 668 730 728 ubi-nunc
751 667 801 726 lex
822 663 915 727 lulia‘l
939 663 1066 726 dormis?

260 757 356 833 Atque
378 757 416 814 ita
436 752 604 812 subridens:
627 751 738 814 Felicia
759 760 907 830 tempora,
930 769 1005 828 quae
1028 760 1056 809 te

167 835 173 844 '
258 838 387 898 Moribus
410 836 572 915 opponunt!
595 835 702 896 habeat
721 837 778 894 iam
798 833 890 894 Roma
913 834 1070 912 pudorem;
1101 833 1106 842 '

260 923 374 982 Tertius
397 939 413 980 e
436 920 522 980 coelo
545 919 657 980 cecidit
672 916 761 978 Cato!
783 919 836 978 sed
854 927 950 977 tamen
972 917 1046 976 unde

258 1005 339 1066 llaec
361 1005 450 1079 emis,
473 1003 583 1062 hirsuto
606 1005 715 1082 spirant
737 1002 926 1080 opobalsama
947 999 1026 1068 collo

257 1089 341 1162 Quae
363 1083 435 1146 tihi?
456 1105 492 1146 nc
514 1087 621 1164 pudeat
642 1086 784 1148 dominum
804 1093 966 1145 monstrare
987 1083 1135 1143 tabernae.

258 1172 345 1244 Quod
367 1173 391 1230 si
408 1178 548 1230 vexantur
568 1171 669 1246 leges,
690 1179 718 1230 at
740 1171 803 1229 iure
824 1169 907 1228 citari
1090 1167 1097 1188 ¹

259 1256 335 1314 Ante
357 1271 457 1314 omues
478 1253 566 1314 debet
580 1254 744 1324 Scantinia3
780 1254 896 1330 respice
916 1253 1036 1330 primurn

258 1338 296 1396 Et
318 1347 448 1397 scrutare
468 1339 565 1397 viros:
588 1336 696 1396 iaciunt
719 1337 747 1396 hi
769 1338 869 1415 plura,
892 1335 1032 1395 sedilios
1083 1380 1088 1390 .

258 1421 398 1480 Defendit
418 1437 552 1479 numerus
574 1421 748 1498 iunctaeque
770 1419 896 1478 umbone
919 1418 1088 1496 phalanges.

258 1503 363 1580 Magna
384 1505 459 1562 inter
480 1503 585 1563 molles
607 1505 779 1570 concordia;
801 1505 934 1563 nouerit
955 1501 1043 1561 ullum

257 1585 431 1665 Exemplum
454 1588 482 1645 in
504 1597 604 1647 nostro
626 1597 683 1648 tam
703 1586 877 1647 detestabile
894 1604 975 1644 sexu.

258 1669 351 1730 Vedia
371 1687 428 1730 non
451 1670 550 1730 lambit
573 1669 702 1731 Cluviam
724 1688 781 1730 neo
801 1669 888 1730 Flora
912 1667 1069 1728 Catullum:

258 1753 348 1832 llispd
369 1753 445 1813 subit
463 1755 583 1814 invenes
606 1764 635 1814 et
656 1754 757 1814 morbo
775 1754 867 1832 pallet
887 1762 1021 1830 utroque.

256 1836 400 1916 Numquid
422 1855 476 1898 nos
499 1840 610 1915 agimus
633 1857 753 1914 causas,
777 1839 873 1898 civilia
896 1838 957 1897 iura

259 1920 411 1997 Novimus,
434 1931 481 1982 aut
502 1922 562 1982 ullo
585 1924 707 2000 strepitu
730 1922 794 1982 lora
815 1931 913 1981 vestra
935 1916 1103 1981 movemusi

257 2003 412 2064 Luctantur
435 2023 563 2084 paucae,
587 2006 739 2066 comedunt
752 2005 889 2084 colyphia
908 2023 1035 2082 paucae:

259 2087 321 2147 Vos
344 2089 437 2148 lanam
459 2089 570 2149 trahitis
593 2089 775 2167 calathisque
798 2098 917 2167 peracta
935 2088 1054 2147 reiertis

257 2171 395 2247 Vellera,
418 2190 472 2232 vos
494 2174 573 2232 tenui
594 2182 783 2250 praegnatem
805 2175 926 2231 stamine
946 2171 1041 2230 fusum

257 2254 406 2333 Penelope
428 2255 549 2330 melius,
571 2256 665 2314 levius
686 2258 830 2332 torquetis
851 2255 1003 2328 Arachne,
1097 2271 1099 2273 ’

258 2337 382 2398 Horrida
404 2339 491 2416 quale
514 2339 583 2398 lacit
605 2340 738 2398 residens
760 2341 789 2397 in
799 2339 909 2398 codice
931 2337 1040 2417 pellex.
1066 2383 1072 2395 .

257 2421 363 2480 Notum
387 2431 447 2497 est,
472 2440 525 2482 cur
545 2421 610 2482 solo
632 2421 745 2482 tabulas
767 2423 932 2500 impleverit
952 2421 1050 2481 llister

257 2503 392 2581 biberto,
416 2505 530 2566 dederit
551 2507 634 2566 virus
653 2524 706 2566 cur
723 2506 810 2566 multa
831 2505 957 2585 puellae.

257 2589 348 2648 Dives
370 2590 440 2666 erit,
460 2607 564 2667 magno
585 2608 660 2668 quae
683 2591 787 2650 dormit
807 2591 892 2650 tertia
913 2590 1001 2650 lecto.

257 2671 301 2731 'lu
321 2673 397 2732 nube
419 2683 505 2752 atque
527 2683 610 2734 tace:
631 2675 737 2735 donant
757 2693 862 2736 arcana
884 2675 1040 2750 cylindros.

255 2755 302 2814 De
325 2756 409 2815 nobis
430 2757 593 2834 posthaec
614 2759 704 2818 tristis
726 2760 869 2819 sententia
890 2759 995 2826 iertur;

256 2837 313 2898 Dat
333 2841 447 2900 veniam
469 2843 582 2916 corvis,
604 2851 693 2902 vexat
714 2861 837 2902 censura
859 2841 1017 2901 columbas.

320 2921 468 3000 Fugerunt
488 2924 595 3004 trepidi
616 2941 687 2984 vera
710 2943 744 2984 ac
765 2925 917 2985 manifesta
939 2933 1089 2985 canentem

255 3006 421 3075 Stoicidae;
452 3009 520 3086 quid
543 3007 618 3066 enim
637 3007 703 3067 falsi
725 3005 869 3068 baronia?
892 3007 944 3066 sed
967 3007 1035 3084 quid

255 3087 322 3146 Non
343 3089 451 3149 facient
474 3091 536 3166 alit,
560 3109 644 3168 quum
666 3100 695 3150 tu
718 3092 844 3150 multicia
864 3108 975 3164 sumas,

260 3169 394 3245 Cretico,
417 3182 446 3232 et
463 3173 537 3234 hanc
559 3184 672 3234 vestem
695 3175 806 3252 populo
827 3175 947 3232 mirante
967 3191 1091 3251 perores

255 3253 289 3313 In
311 3253 448 3314 Proculas
471 3267 500 3316 et
521 3253 673 3317 Pollittas?
703 3267 748 3318 est
770 3257 891 3318 moecha
911 3255 1045 3317 Fabulla:

255 3337 430 3413 namneum,
455 3341 479 3398 si
500 3341 560 3415 uis,
585 3343 669 3400 etiam
694 3339 833 3403 Carfinia:
858 3341 946 3400 talem

254 3420 322 3480 Non
344 3429 436 3480 sumet
458 3422 587 3485 damnata
609 3434 716 3502 togam.
731 3457 776 3471 -·
795 3424 854 3484 Sed
876 3423 964 3484 lulius
986 3425 1085 3500 ardet,

256 3504 378 3564 Aestuo.
390 3503 542 3565 -Nudus
553 3523 639 3584 agas:
661 3509 751 3568 minus
763 3510 925 3568 cstinsania
947 3508 1054 3587 turpis!

254 3587 301 3646 En
322 3587 464 3665 habitum,
486 3606 543 3668 quo
566 3600 600 3649 te
618 3591 703 3667 leges
725 3609 759 3652 ac
782 3595 845 3653 iura
866 3592 1010 3652 ferentem

254 3669 431 3732 Vulneribus
454 3671 548 3734 crudis
570 3675 695 3752 populus
716 3677 803 3736 modo
823 3677 918 3736 victor
938 3684 968 3735 et
989 3675 1060 3736 illud

1206 926 1242 980 40
