3050 4484
279 441 319 505 30
623 456 658 502 o.
682 456 753 503 run.
776 455 964 504 uouere-aurs

279 592 474 656 Chironomoo
497 589 602 654 Ledam
621 594 701 654 molli
724 593 849 654 saltante
870 595 1017 672 Bathyllo,

278 680 386 739 Tuccia
410 681 529 738 uesicae
551 695 608 738 non
628 681 766 756 imparat;
790 679 907 757 Appula
928 685 1036 756 gannit,
1256 734 1260 744 .

278 765 360 823 Sicut
378 766 406 822 in
430 763 581 840 amplexu,
608 762 738 821 sobidum
759 773 789 821 et
810 764 990 833 miserabile;
1015 767 1132 842 longam
1232 777 1267 832 65

277 847 408 906 Attendit
431 845 588 921 Thymele;
612 845 753 920 Thymele
776 857 843 905 tunc
863 851 972 908 rustica
995 851 1090 909 discit.
1403 876 1406 971 p

276 931 331 990 Ast
355 932 447 1006 aliae,
473 931 587 1007 quoties
610 931 711 990 aulaea
733 932 886 990 recondita
910 944 1037 1009 cessant,
1238 966 1240 969 ν

276 1014 314 1076 Et
337 1032 431 1074 vacuo
455 1014 614 1091 clausoque
638 1003 740 1073 soriant
765 1013 916 1076 iora'scla
938 1017 1063 1093 theatro,

215 1135 216 1144 ι
256 1099 373 1178 *Atque
397 1117 413 1158 a
435 1098 562 1158 Plebelis
585 1099 672 1175 longe
696 1097 875 1176 Megalesia,
897 1101 999 1160 tristes

275 1184 432 1243 Personam
454 1182 641 1260 thyrsumque
666 1192 766 1242 tenent
788 1191 820 1242 et
841 1183 972 1260 subligar
993 1186 1077 1246 Acci.
1232 1195 1269 1252 to

274 1267 400 1327 Urbicus
424 1267 530 1325 exodio
555 1267 643 1324 risum
665 1276 763 1326 movet
787 1267 942 1326 Atellanae

276 1351 411 1411 Gestihus
434 1349 600 1410 Autonoes:
624 1351 699 1410 hunc
723 1351 817 1428 diligit
841 1351 927 1412 Aelia
948 1370 1070 1431 pauper.

275 1436 404 1495 Solvitur
425 1434 469 1493 his
492 1451 596 1510 magno
618 1435 751 1495 comoedi
775 1435 877 1503 libula;
899 1446 964 1495 sunt
985 1455 1062 1515 quae

275 1517 498 1596 Chrysogonum
522 1529 638 1578 eantare
658 1528 771 1585 vetent;
795 1519 928 1595 Hispulla
950 1523 1100 1598 tragoedo·

190 1623 192 1630 ·
223 1655 228 1666 .
275 1603 403 1664 Gaudet:
432 1621 468 1660 an
490 1613 665 1680 exspectas,
687 1613 717 1662 ut
740 1602 930 1675 Quintilianus
954 1605 1085 1664 ametur?
1187 1601 1191 1625 ¹
1230 1615 1266 1670 75

273 1687 395 1764 Accipis
417 1703 555 1760 uxorem,
580 1687 617 1746 de
634 1703 697 1764 qua
722 1687 909 1765 citharoedus
931 1686 1044 1747 Echion

273 1771 331 1829 Aut
355 1769 518 1847 Glaphyrus
540 1770 589 1828 liat
610 1779 695 1848 pater
717 1769 948 1848 Ambrosiusque
971 1772 1135 1834 choraules.

272 1853 373 1931 Longa
397 1871 450 1932 per
472 1862 612 1929 angustos
636 1854 755 1930 ligamus
776 1855 887 1932 pulpita
910 1857 1004 1933 uicos,

274 1939 419 1998 Ornentur
442 1947 544 2015 postes
570 1947 600 1997 et
621 1936 723 2014 grandi
745 1939 829 1998 ianua
849 1939 944 2015 lauro,

273 2023 312 2084 Ut
327 2022 494 2083 testudineo
518 2021 585 2098 tihi,
611 2021 750 2097 Lentule,
775 2039 912 2100 conopeo
1227 2036 1267 2090 8⁰

273 2107 388 2168 Nobilis
411 2105 568 2182 Euryalum
590 2107 958 2184 mirmillonemexpriroat
984 2107 1087 2168 inians.

272 2191 369 2270 Nupta
398 2193 526 2250 senatori
550 2192 684 2250 comitata
707 2200 751 2250 est
774 2189 999 2269 Eppia-ludium

273 2275 319 2336 Ad
342 2275 457 2335 Pharon
481 2283 510 2334 et
531 2273 626 2333 Nilum
649 2274 819 2353 famosaque
844 2276 958 2334 moenia
979 2274 1062 2353 Lagi,

273 2359 408 2436 Prodigia
431 2368 460 2418 et
482 2375 579 2418 mores
606 2359 686 2418 urbis
709 2359 862 2419 damnante
886 2357 1018 2438 Canopo.

272 2443 426 2503 Immemor
446 2442 497 2502 illa
519 2443 621 2502 domus
644 2452 674 2501 et
698 2445 829 2518 coniugis
852 2453 939 2520 atque
961 2445 1073 2503 sororis
1229 2453 1267 2508 85

272 2527 321 2586 Nil
343 2527 454 2604 patriae
477 2527 610 2600 indulsit,
634 2526 846 2603 plorantesque
868 2527 999 2604 improba
1020 2537 1117 2603 natos,

272 2610 369 2688 thue
393 2611 485 2686 magis
508 2618 641 2686 stupeaS,
665 2609 749 2668 ludos
772 2609 964 2689 Paridemque
983 2611 1111 2690 geliquit.

274 2694 334 2754 Sed
357 2711 528 2771 quamquam
549 2695 578 2750 in
599 2695 709 2768 magnis
733 2691 839 2770 opibus
860 2693 1016 2773 plumaque
1038 2704 1159 2774 paterna

273 2778 311 2837 Et
333 2777 520 2854 segmentatis
543 2777 699 2836 dormisset
717 2776 839 2855 parvula
858 2779 952 2854 cunis,
1055 2848 1060 2857 Ι
1297 2795 1316 2828 t

275 2860 455 2940 Contempsit
465 2858 604 2940 palagus;
619 2861 723 2920 famam
746 2860 962 2940 contempserat
983 2864 1070 2938 olim,
1230 2871 1267 2927 9ο

275 2944 363 3004 Gauius
386 2945 462 3022 apud
484 2944 589 3004 molles
609 2947 722 3004 minima
745 2954 792 3004 est
812 2947 922 3005 iactura
945 2945 1109 3006 cathedras.

274 3029 442 3105 Tyrrhenos
465 3029 552 3105 igitur
575 3031 679 3089 lluctus
700 3029 819 3107 lateque
842 3039 994 3089 sonantem

273 3113 395 3174 Pertulit
416 3111 525 3182 lonium
549 3115 691 3173 constanti
713 3123 855 3191 pectore,
879 3115 1008 3191 quamvis

272 3197 437 3258 Mutandum
458 3199 545 3255 toties
569 3207 649 3256 esset
670 3215 758 3258 mare.
804 3197 881 3256 lusta
904 3196 1008 3274 pericli
1131 3268 1134 3275 Ι

273 3284 304 3342 Si
328 3283 401 3342 ratio
425 3291 470 3341 est
493 3290 521 3339 et
542 3281 678 3355 honesta,
700 3283 803 3341 timent
824 3280 988 3359 pavidoque
1010 3279 1143 3357 gelantur
1230 3289 1266 3344 95

274 3367 415 3442 Pectore,
441 3383 496 3424 nec
518 3365 648 3423 tremulis
670 3374 793 3442 possunt
814 3364 949 3422 insistere
972 3364 1095 3442 plantis:

273 3450 391 3510 Fortem
415 3452 536 3510 animum
558 3455 707 3525 praestant
728 3448 832 3522 rebus,
857 3464 928 3525 quas
951 3451 1074 3528 turpiter
1098 3449 1213 3509 audent.

274 3537 305 3593 Si
329 3534 426 3594 iubeat
441 3535 576 3607 coniunx,
595 3531 696 3591 durum
717 3541 763 3592 est
778 3533 981 3592 conscendere
1002 3551 1120 3600 nauem

275 3618 355 3677 'lunc
377 3619 487 3676 sentina
509 3616 624 3692 gravis,
647 3624 713 3675 tunc
736 3633 862 3676 summus
882 3619 1004 3677 vertitur
1026 3636 1092 3678 aer:

275 3701 356 3774 Quae
374 3700 526 3760 moechum
546 3700 692 3778 sequitur,
716 3701 865 3763 stomacho
882 3702 973 3771 valet;
991 3702 1043 3762 illa
1059 3702 1189 3761 maritum
1211 3711 1266 3764 lito
