<?xml version="1.0" encoding="UTF-8"?>
<!DOCTYPE html PUBLIC "-//W3C//DTD XHTML 1.0 Transitional//EN"
    "http://www.w3.org/TR/xhtml1/DTD/xhtml1-transitional.dtd">
<html xmlns="http://www.w3.org/1999/xhtml" xml:lang="en" lang="en">
 <head>
  <title>
</title>
<meta http-equiv="Content-Type" content="text/html;charset=utf-8" />
  <meta name='ocr-system' content='tesseract 3.04.00' />
  <meta name='ocr-capabilities' content='ocr_page ocr_carea ocr_par ocr_line ocrx_word'/>
</head>
<body>
  <div class='ocr_page' id='page_1' title='image "./satirarumlibriq00hermgoog_0068.png"; bbox 0 0 3050 4484; ppageno 0'>
   <div class='ocr_carea' id='block_1_1' title="bbox 274 493 964 558">
    <p class='ocr_par' dir='ltr' id='par_1_1' title="bbox 274 493 964 558">
     <span class='ocr_line' id='line_1_1' title="bbox 274 493 964 558; baseline 0 -8"><span class='ocrx_word' id='word_1_1' title='bbox 274 493 318 558; x_wconf 74' lang='lat'><strong>32</strong></span> <span class='ocrx_word' id='word_1_2' title='bbox 620 505 656 550; x_wconf 92' lang='lat' dir='ltr'><strong>D.</strong></span> <span class='ocrx_word' id='word_1_3' title='bbox 680 499 751 550; x_wconf 77' lang='lat' dir='ltr'><strong>ttttt.</strong></span> <span class='ocrx_word' id='word_1_4' title='bbox 776 501 964 551; x_wconf 69' lang='lat' dir='ltr'><strong>levamento</strong></span> 
     </span>
    </p>
   </div>
   <div class='ocr_carea' id='block_1_2' title="bbox 154 636 1004 719">
    <p class='ocr_par' dir='ltr' id='par_1_2' title="bbox 154 636 1004 719">
     <span class='ocr_line' id='line_1_2' title="bbox 154 636 1004 719; baseline -0.018 -5"><span class='ocrx_word' id='word_1_5' title='bbox 154 707 157 714; x_wconf 91' lang='lat'>.</span> <span class='ocrx_word' id='word_1_6' title='bbox 276 649 346 712; x_wconf 90' lang='lat' dir='ltr'><strong>lude</strong></span> <span class='ocrx_word' id='word_1_7' title='bbox 367 636 449 708; x_wconf 80' lang='lat' dir='ltr'><strong>iaces</strong></span> <span class='ocrx_word' id='word_1_8' title='bbox 468 645 585 719; x_wconf 86' lang='lat' dir='ltr'><strong>ardent,</strong></span> <span class='ocrx_word' id='word_1_9' title='bbox 607 644 724 702; x_wconf 83' lang='lat' dir='ltr'><strong>veniunt</strong></span> <span class='ocrx_word' id='word_1_10' title='bbox 741 659 757 702; x_wconf 89' lang='lat' dir='ltr'><strong>a</strong></span> <span class='ocrx_word' id='word_1_11' title='bbox 778 642 846 702; x_wconf 89' lang='lat' dir='ltr'><strong>dote</strong></span> <span class='ocrx_word' id='word_1_12' title='bbox 869 643 1004 718; x_wconf 86' lang='lat' dir='ltr'><strong>sagittae.</strong></span> 
     </span>
    </p>
   </div>
   <div class='ocr_carea' id='block_1_3' title="bbox 276 727 1269 960">
    <p class='ocr_par' dir='ltr' id='par_1_3' title="bbox 276 727 1269 960">
     <span class='ocr_line' id='line_1_3' title="bbox 276 727 1269 803; baseline -0.01 -10"><span class='ocrx_word' id='word_1_13' title='bbox 276 731 408 793; x_wconf 78' lang='lat' dir='ltr'>Libertas</span> <span class='ocrx_word' id='word_1_14' title='bbox 432 731 549 789; x_wconf 86' lang='lat' dir='ltr'><strong>emitur:</strong></span> <span class='ocrx_word' id='word_1_15' title='bbox 574 745 671 787; x_wconf 86' lang='lat' dir='ltr'><strong>coram</strong></span> <span class='ocrx_word' id='word_1_16' title='bbox 693 727 873 786; x_wconf 89' lang='lat' dir='ltr'><strong>licetiuouat</strong></span> <span class='ocrx_word' id='word_1_17' title='bbox 895 736 983 803; x_wconf 84' lang='lat' dir='ltr'><strong>atque</strong></span> <span class='ocrx_word' id='word_1_18' title='bbox 1219 738 1269 792; x_wconf 74' lang='lat' dir='ltr'><strong>rao</strong></span> 
     </span>
     <span class='ocr_line' id='line_1_4' title="bbox 277 810 1139 890; baseline -0.009 -13"><span class='ocrx_word' id='word_1_19' title='bbox 277 814 448 888; x_wconf 88' lang='lat' dir='ltr'><strong>Rescribat,</strong></span> <span class='ocrx_word' id='word_1_20' title='bbox 470 813 556 872; x_wconf 88' lang='lat' dir='ltr'><strong>vidua</strong></span> <span class='ocrx_word' id='word_1_21' title='bbox 579 820 641 886; x_wconf 85' lang='lat' dir='ltr'><strong>est,</strong></span> <span class='ocrx_word' id='word_1_22' title='bbox 665 810 801 889; x_wconf 74' lang='lat' dir='ltr'><strong>locuples</strong></span> <span class='ocrx_word' id='word_1_23' title='bbox 823 827 898 890; x_wconf 85' lang='lat' dir='ltr'><strong>quae</strong></span> <span class='ocrx_word' id='word_1_24' title='bbox 921 810 1019 888; x_wconf 87' lang='lat' dir='ltr'><strong>nupsit</strong></span> <span class='ocrx_word' id='word_1_25' title='bbox 1040 827 1139 870; x_wconf 85' lang='lat' dir='ltr'><strong>avaro.</strong></span> 
     </span>
     <span class='ocr_line' id='line_1_5' title="bbox 277 891 950 960; baseline -0.015 1"><span class='ocrx_word' id='word_1_26' title='bbox 277 899 337 960; x_wconf 89' lang='lat' dir='ltr'><strong>Cur</strong></span> <span class='ocrx_word' id='word_1_27' title='bbox 361 897 508 958; x_wconf 90' lang='lat' dir='ltr'><strong>desiderio</strong></span> <span class='ocrx_word' id='word_1_28' title='bbox 529 894 650 956; x_wconf 75' lang='lat' dir='ltr'><strong>Bibulae</strong></span> <span class='ocrx_word' id='word_1_29' title='bbox 672 895 820 954; x_wconf 84' lang='lat' dir='ltr'><strong>Sertorius</strong></span> <span class='ocrx_word' id='word_1_30' title='bbox 846 891 950 954; x_wconf 83' lang='lat' dir='ltr'><strong>urdet?</strong></span> 
     </span>
    </p>
   </div>
   <div class='ocr_carea' id='block_1_4' title="bbox 152 979 1059 1064">
    <p class='ocr_par' dir='ltr' id='par_1_4' title="bbox 152 979 1059 1064">
     <span class='ocr_line' id='line_1_6' title="bbox 152 979 1059 1064; baseline -0.012 -17"><span class='ocrx_word' id='word_1_31' title='bbox 152 1051 156 1064; x_wconf 57' lang='grc'><em>,</em></span> <span class='ocrx_word' id='word_1_32' title='bbox 275 985 308 1046; x_wconf 83' lang='lat' dir='ltr'><strong>Si</strong></span> <span class='ocrx_word' id='word_1_33' title='bbox 332 1000 434 1042; x_wconf 86' lang='lat' dir='ltr'><strong>verum</strong></span> <span class='ocrx_word' id='word_1_34' title='bbox 456 980 603 1053; x_wconf 82' lang='lat' dir='ltr'><strong>excutias,</strong></span> <span class='ocrx_word' id='word_1_35' title='bbox 627 979 736 1053; x_wconf 87' lang='lat' dir='ltr'><strong>iacies,</strong></span> <span class='ocrx_word' id='word_1_36' title='bbox 763 995 822 1036; x_wconf 84' lang='lat' dir='ltr'><strong>nou</strong></span> <span class='ocrx_word' id='word_1_37' title='bbox 843 993 918 1036; x_wconf 83' lang='lat' dir='ltr'><strong>uror</strong></span> <span class='ocrx_word' id='word_1_38' title='bbox 939 987 1059 1037; x_wconf 84' lang='lat' dir='ltr'><strong>ematur.</strong></span> 
     </span>
    </p>
   </div>
   <div class='ocr_carea' id='block_1_5' title="bbox 248 1061 1272 3408">
    <p class='ocr_par' dir='ltr' id='par_1_5' title="bbox 275 1061 1049 1142">
     <span class='ocr_line' id='line_1_7' title="bbox 275 1061 1049 1142; baseline -0.008 -15"><span class='ocrx_word' id='word_1_39' title='bbox 275 1067 351 1128; x_wconf 81' lang='lat' dir='ltr'><strong>Tres</strong></span> <span class='ocrx_word' id='word_1_40' title='bbox 375 1083 465 1142; x_wconf 86' lang='lat' dir='ltr'><strong>rugae</strong></span> <span class='ocrx_word' id='word_1_41' title='bbox 489 1063 628 1138; x_wconf 85' lang='lat' dir='ltr'><strong>subeant,</strong></span> <span class='ocrx_word' id='word_1_42' title='bbox 650 1070 681 1121; x_wconf 91' lang='lat' dir='ltr'><strong>et</strong></span> <span class='ocrx_word' id='word_1_43' title='bbox 704 1079 737 1122; x_wconf 84' lang='lat' dir='ltr'><strong>se</strong></span> <span class='ocrx_word' id='word_1_44' title='bbox 761 1062 836 1122; x_wconf 83' lang='lat' dir='ltr'><strong>cutis</strong></span> <span class='ocrx_word' id='word_1_45' title='bbox 856 1062 936 1122; x_wconf 87' lang='lat' dir='ltr'><strong>arida</strong></span> <span class='ocrx_word' id='word_1_46' title='bbox 958 1061 1049 1138; x_wconf 87' lang='lat' dir='ltr'><strong>laxet,</strong></span> 
     </span>
    </p>

    <p class='ocr_par' dir='ltr' id='par_1_6' title="bbox 276 1145 1267 1224">
     <span class='ocr_line' id='line_1_8' title="bbox 276 1145 1267 1224; baseline -0.011 -13"><span class='ocrx_word' id='word_1_47' title='bbox 276 1151 360 1212; x_wconf 77' lang='lat' dir='ltr'><strong>Fiant</strong></span> <span class='ocrx_word' id='word_1_48' title='bbox 383 1149 500 1209; x_wconf 79' lang='lat' dir='ltr'><strong>obscuri</strong></span> <span class='ocrx_word' id='word_1_49' title='bbox 521 1147 623 1207; x_wconf 87' lang='lat' dir='ltr'><strong>dentes</strong></span> <span class='ocrx_word' id='word_1_50' title='bbox 646 1145 784 1224; x_wconf 87' lang='lat' dir='ltr'><strong>oculique</strong></span> <span class='ocrx_word' id='word_1_51' title='bbox 808 1146 951 1204; x_wconf 84' lang='lat' dir='ltr'><strong>minores:</strong></span> <span class='ocrx_word' id='word_1_52' title='bbox 1218 1157 1267 1211; x_wconf 75' lang='lat'><strong>145</strong></span> 
     </span>
    </p>

    <p class='ocr_par' dir='ltr' id='par_1_7' title="bbox 275 1228 978 1311">
     <span class='ocr_line' id='line_1_9' title="bbox 275 1228 978 1311; baseline -0.013 -15"><span class='ocrx_word' id='word_1_53' title='bbox 275 1234 395 1311; x_wconf 81' lang='lat' dir='ltr'>Collige</span> <span class='ocrx_word' id='word_1_54' title='bbox 417 1231 594 1309; x_wconf 81' lang='lat' dir='ltr'><strong>sarcinulas,</strong></span> <span class='ocrx_word' id='word_1_55' title='bbox 617 1228 695 1290; x_wconf 90' lang='lat' dir='ltr'><strong>dicet</strong></span> <span class='ocrx_word' id='word_1_56' title='bbox 717 1229 857 1304; x_wconf 86' lang='lat' dir='ltr'><strong>libertus,</strong></span> <span class='ocrx_word' id='word_1_57' title='bbox 877 1237 907 1287; x_wconf 92' lang='lat' dir='ltr'><strong>et</strong></span> <span class='ocrx_word' id='word_1_58' title='bbox 928 1231 978 1288; x_wconf 85' lang='lat' dir='ltr'><strong>exi</strong></span> 
     </span>
    </p>

    <p class='ocr_par' dir='ltr' id='par_1_8' title="bbox 248 1314 1131 1399">
     <span class='ocr_line' id='line_1_10' title="bbox 248 1314 1131 1399; baseline -0.007 -21"><span class='ocrx_word' id='word_1_59' title='bbox 248 1333 250 1337; x_wconf 76' lang='grc'>’</span> <span class='ocrx_word' id='word_1_60' title='bbox 277 1319 350 1399; x_wconf 85' lang='lat' dir='ltr'><strong>{Iam</strong></span> <span class='ocrx_word' id='word_1_61' title='bbox 372 1319 470 1394; x_wconf 82' lang='lat' dir='ltr'><strong>gravis</strong></span> <span class='ocrx_word' id='word_1_62' title='bbox 494 1333 526 1375; x_wconf 89' lang='lat' dir='ltr'><strong>es</strong></span> <span class='ocrx_word' id='word_1_63' title='bbox 548 1314 632 1374; x_wconf 89' lang='lat' dir='ltr'><strong>nobis</strong></span> <span class='ocrx_word' id='word_1_64' title='bbox 655 1322 690 1372; x_wconf 92' lang='lat' dir='ltr'><strong>et</strong></span> <span class='ocrx_word' id='word_1_65' title='bbox 706 1330 799 1391; x_wconf 89' lang='lat' dir='ltr'><strong>saepe</strong></span> <span class='ocrx_word' id='word_1_66' title='bbox 822 1315 1002 1390; x_wconf 73' lang='lat' dir='ltr'><strong>emungeris:</strong></span> <span class='ocrx_word' id='word_1_67' title='bbox 1027 1315 1087 1393; x_wconf 80' lang='lat' dir='ltr'><strong>cxi]</strong></span> <span class='ocrx_word' id='word_1_68' title='bbox 1128 1336 1131 1343; x_wconf 90' lang='lat'>·</span> 
     </span>
    </p>

    <p class='ocr_par' dir='ltr' id='par_1_9' title="bbox 277 1397 1006 1479">
     <span class='ocr_line' id='line_1_11' title="bbox 277 1397 1006 1479; baseline -0.01 -17"><span class='ocrx_word' id='word_1_69' title='bbox 277 1403 366 1462; x_wconf 82' lang='lat' dir='ltr'><strong>Ocius</strong></span> <span class='ocrx_word' id='word_1_70' title='bbox 390 1409 419 1460; x_wconf 90' lang='lat' dir='ltr'><strong>et</strong></span> <span class='ocrx_word' id='word_1_71' title='bbox 434 1415 578 1479; x_wconf 85' lang='lat' dir='ltr'><strong>propera:</strong></span> <span class='ocrx_word' id='word_1_72' title='bbox 602 1399 683 1457; x_wconf 89' lang='lat' dir='ltr'><strong>sicco</strong></span> <span class='ocrx_word' id='word_1_73' title='bbox 706 1399 786 1456; x_wconf 88' lang='lat' dir='ltr'><strong>veuit</strong></span> <span class='ocrx_word' id='word_1_74' title='bbox 809 1397 902 1457; x_wconf 87' lang='lat' dir='ltr'><strong>altera</strong></span> <span class='ocrx_word' id='word_1_75' title='bbox 925 1413 1006 1456; x_wconf 89' lang='lat' dir='ltr'><strong>naso.</strong></span> 
     </span>
    </p>

    <p class='ocr_par' dir='ltr' id='par_1_10' title="bbox 256 1477 1008 1560">
     <span class='ocr_line' id='line_1_12' title="bbox 256 1477 1008 1560; baseline -0.009 -13"><span class='ocrx_word' id='word_1_76' title='bbox 256 1477 393 1548; x_wconf 77' lang='lat' dir='ltr'><strong>&#39;Interea</strong></span> <span class='ocrx_word' id='word_1_77' title='bbox 416 1485 494 1544; x_wconf 91' lang='lat' dir='ltr'><strong>calet</strong></span> <span class='ocrx_word' id='word_1_78' title='bbox 516 1492 546 1542; x_wconf 89' lang='lat' dir='ltr'><strong>et</strong></span> <span class='ocrx_word' id='word_1_79' title='bbox 566 1490 671 1558; x_wconf 81' lang='lat' dir='ltr'><strong>regnat</strong></span> <span class='ocrx_word' id='word_1_80' title='bbox 697 1483 853 1560; x_wconf 77' lang='lat' dir='ltr'><strong>poscitque</strong></span> <span class='ocrx_word' id='word_1_81' title='bbox 877 1483 1008 1540; x_wconf 86' lang='lat' dir='ltr'><strong>maritum</strong></span> 
     </span>
    </p>

    <p class='ocr_par' dir='ltr' id='par_1_11' title="bbox 276 1563 1270 1643">
     <span class='ocr_line' id='line_1_13' title="bbox 276 1563 1270 1643; baseline -0.004 -12"><span class='ocrx_word' id='word_1_82' title='bbox 276 1570 415 1632; x_wconf 76' lang='lat' dir='ltr'><strong>Fautores</strong></span> <span class='ocrx_word' id='word_1_83' title='bbox 438 1577 576 1628; x_wconf 75' lang='lat' dir='ltr'><strong>ctorem</strong></span> <span class='ocrx_word' id='word_1_84' title='bbox 600 1563 773 1626; x_wconf 80' lang='lat' dir='ltr'><strong>Canusinam</strong></span> <span class='ocrx_word' id='word_1_85' title='bbox 794 1565 947 1643; x_wconf 85' lang='lat' dir='ltr'><strong>ulmosque</strong></span> <span class='ocrx_word' id='word_1_86' title='bbox 970 1564 1110 1626; x_wconf 80' lang='lat' dir='ltr'><strong>Falernas</strong></span> <span class='ocrx_word' id='word_1_87' title='bbox 1133 1597 1175 1612; x_wconf 75' lang='grc'><strong>-</strong></span> <span class='ocrx_word' id='word_1_88' title='bbox 1220 1576 1270 1627; x_wconf 81' lang='lat' dir='ltr'><strong>tso</strong></span> 
     </span>
    </p>

    <p class='ocr_par' dir='ltr' id='par_1_12' title="bbox 278 1646 1196 1732">
     <span class='ocr_line' id='line_1_14' title="bbox 278 1646 1196 1732; baseline -0.004 -20"><span class='ocrx_word' id='word_1_89' title='bbox 278 1652 452 1732; x_wconf 80' lang='lat' dir='ltr'><strong>Quantulum</strong></span> <span class='ocrx_word' id='word_1_90' title='bbox 475 1652 550 1712; x_wconf 91' lang='lat' dir='ltr'><strong>cuim</strong></span> <span class='ocrx_word' id='word_1_91' title='bbox 572 1646 652 1709; x_wconf 81' lang='lat' dir='ltr'><strong>hoc?</strong></span> <span class='ocrx_word' id='word_1_92' title='bbox 675 1665 786 1728; x_wconf 86' lang='lat' dir='ltr'><strong>pueros</strong></span> <span class='ocrx_word' id='word_1_93' title='bbox 808 1667 926 1723; x_wconf 90' lang='lat' dir='ltr'><strong>omues,</strong></span> <span class='ocrx_word' id='word_1_94' title='bbox 951 1651 1099 1727; x_wconf 88' lang='lat' dir='ltr'><strong>ergastola</strong></span> <span class='ocrx_word' id='word_1_95' title='bbox 1122 1658 1196 1716; x_wconf 89' lang='lat' dir='ltr'><strong>tota;</strong></span> 
     </span>
    </p>

    <p class='ocr_par' dir='ltr' id='par_1_13' title="bbox 278 1732 1167 1814">
     <span class='ocr_line' id='line_1_15' title="bbox 278 1732 1167 1814; baseline -0.006 -18"><span class='ocrx_word' id='word_1_96' title='bbox 278 1735 422 1814; x_wconf 81' lang='lat' dir='ltr'><strong>Quodque</strong></span> <span class='ocrx_word' id='word_1_97' title='bbox 445 1735 523 1795; x_wconf 93' lang='lat' dir='ltr'><strong>domi</strong></span> <span class='ocrx_word' id='word_1_98' title='bbox 545 1750 603 1793; x_wconf 91' lang='lat' dir='ltr'><strong>nou</strong></span> <span class='ocrx_word' id='word_1_99' title='bbox 625 1741 686 1809; x_wconf 89' lang='lat' dir='ltr'><strong>est,</strong></span> <span class='ocrx_word' id='word_1_100' title='bbox 709 1732 761 1793; x_wconf 89' lang='lat' dir='ltr'><strong>sed</strong></span> <span class='ocrx_word' id='word_1_101' title='bbox 785 1733 874 1793; x_wconf 90' lang='lat' dir='ltr'><strong>babet</strong></span> <span class='ocrx_word' id='word_1_102' title='bbox 894 1733 1023 1810; x_wconf 78' lang='lat' dir='ltr'><strong>ticinus,</strong></span> <span class='ocrx_word' id='word_1_103' title='bbox 1047 1743 1167 1810; x_wconf 83' lang='lat' dir='ltr'><strong>ematur.</strong></span> 
     </span>
    </p>

    <p class='ocr_par' dir='ltr' id='par_1_14' title="bbox 275 1817 1137 1905">
     <span class='ocr_line' id='line_1_16' title="bbox 275 1817 1137 1905; baseline -0.005 -25"><span class='ocrx_word' id='word_1_104' title='bbox 275 1821 379 1905; x_wconf 73' lang='lat' dir='ltr'><strong>diense</strong></span> <span class='ocrx_word' id='word_1_105' title='bbox 402 1819 517 1898; x_wconf 89' lang='lat' dir='ltr'><strong>quidem</strong></span> <span class='ocrx_word' id='word_1_106' title='bbox 540 1817 673 1892; x_wconf 90' lang='lat' dir='ltr'><strong>brumae,</strong></span> <span class='ocrx_word' id='word_1_107' title='bbox 698 1835 785 1896; x_wconf 87' lang='lat' dir='ltr'><strong>quum</strong></span> <span class='ocrx_word' id='word_1_108' title='bbox 807 1819 862 1876; x_wconf 90' lang='lat' dir='ltr'><strong>iam</strong></span> <span class='ocrx_word' id='word_1_109' title='bbox 882 1827 1030 1877; x_wconf 91' lang='lat' dir='ltr'><strong>mercator</strong></span> <span class='ocrx_word' id='word_1_110' title='bbox 1048 1817 1137 1878; x_wconf 86' lang='lat' dir='ltr'><strong>lason</strong></span> 
     </span>
    </p>

    <p class='ocr_par' dir='ltr' id='par_1_15' title="bbox 278 1900 1077 1978">
     <span class='ocr_line' id='line_1_17' title="bbox 278 1900 1077 1978; baseline -0.005 -14"><span class='ocrx_word' id='word_1_111' title='bbox 278 1903 402 1964; x_wconf 84' lang='lat' dir='ltr'><strong>Glaucus</strong></span> <span class='ocrx_word' id='word_1_112' title='bbox 429 1913 458 1963; x_wconf 90' lang='lat' dir='ltr'><strong>et</strong></span> <span class='ocrx_word' id='word_1_113' title='bbox 480 1903 596 1963; x_wconf 86' lang='lat' dir='ltr'><strong>armatis</strong></span> <span class='ocrx_word' id='word_1_114' title='bbox 620 1900 717 1960; x_wconf 85' lang='lat' dir='ltr'><strong>obstat</strong></span> <span class='ocrx_word' id='word_1_115' title='bbox 738 1919 807 1961; x_wconf 87' lang='lat' dir='ltr'><strong>casa</strong></span> <span class='ocrx_word' id='word_1_116' title='bbox 829 1901 949 1961; x_wconf 90' lang='lat' dir='ltr'><strong>candida</strong></span> <span class='ocrx_word' id='word_1_117' title='bbox 972 1904 1077 1978; x_wconf 88' lang='lat' dir='ltr'><strong>nautis,</strong></span> 
     </span>
    </p>

    <p class='ocr_par' dir='ltr' id='par_1_16' title="bbox 278 1957 1268 2060">
     <span class='ocr_line' id='line_1_18' title="bbox 278 1957 1268 2060; baseline -0.002 -12"><span class='ocrx_word' id='word_1_118' title='bbox 278 1987 401 2048; x_wconf 83' lang='lat' dir='ltr'><strong>Grandia</strong></span> <span class='ocrx_word' id='word_1_119' title='bbox 424 1957 565 2047; x_wconf 70' lang='lat' dir='ltr'><strong>tolluntur</strong></span> <span class='ocrx_word' id='word_1_120' title='bbox 588 1985 774 2060; x_wconf 82' lang='lat' dir='ltr'><strong>crystallina,</strong></span> <span class='ocrx_word' id='word_1_121' title='bbox 797 1989 919 2045; x_wconf 85' lang='lat' dir='ltr'><strong>maxima</strong></span> <span class='ocrx_word' id='word_1_122' title='bbox 940 2004 1040 2046; x_wconf 88' lang='lat' dir='ltr'><strong>rursus</strong></span> <span class='ocrx_word' id='word_1_123' title='bbox 1218 1993 1268 2046; x_wconf 84' lang='lat'><strong>155</strong></span> 
     </span>
    </p>

    <p class='ocr_par' dir='ltr' id='par_1_17' title="bbox 276 2069 1132 2146">
     <span class='ocr_line' id='line_1_19' title="bbox 276 2069 1132 2146; baseline -0.005 -14"><span class='ocrx_word' id='word_1_124' title='bbox 276 2070 425 2146; x_wconf 82' lang='lat' dir='ltr'><strong>Murrina,</strong></span> <span class='ocrx_word' id='word_1_125' title='bbox 466 2069 571 2132; x_wconf 89' lang='lat' dir='ltr'><strong>deinde</strong></span> <span class='ocrx_word' id='word_1_126' title='bbox 594 2069 709 2130; x_wconf 89' lang='lat' dir='ltr'><strong>adamas</strong></span> <span class='ocrx_word' id='word_1_127' title='bbox 731 2071 898 2130; x_wconf 88' lang='lat' dir='ltr'><strong>notissimus</strong></span> <span class='ocrx_word' id='word_1_128' title='bbox 921 2079 951 2129; x_wconf 91' lang='lat' dir='ltr'><strong>et</strong></span> <span class='ocrx_word' id='word_1_129' title='bbox 972 2070 1132 2130; x_wconf 78' lang='lat' dir='ltr'><strong>Beronices</strong></span> 
     </span>
    </p>

    <p class='ocr_par' dir='ltr' id='par_1_18' title="bbox 255 2153 1160 2234">
     <span class='ocr_line' id='line_1_20' title="bbox 255 2153 1160 2234; baseline -0.004 -18"><span class='ocrx_word' id='word_1_130' title='bbox 255 2156 310 2230; x_wconf 25' lang='lat' dir='ltr'><strong>,ln</strong></span> <span class='ocrx_word' id='word_1_131' title='bbox 331 2157 421 2233; x_wconf 88' lang='lat' dir='ltr'><strong>digito</strong></span> <span class='ocrx_word' id='word_1_132' title='bbox 443 2155 537 2216; x_wconf 88' lang='lat' dir='ltr'><strong>iactus</strong></span> <span class='ocrx_word' id='word_1_133' title='bbox 562 2155 750 2234; x_wconf 88' lang='lat' dir='ltr'><strong>[pretiosior:</strong></span> <span class='ocrx_word' id='word_1_134' title='bbox 772 2153 848 2213; x_wconf 88' lang='lat' dir='ltr'><strong>huno</strong></span> <span class='ocrx_word' id='word_1_135' title='bbox 871 2153 950 2214; x_wconf 89' lang='lat' dir='ltr'><strong>dedit</strong></span> <span class='ocrx_word' id='word_1_136' title='bbox 973 2153 1041 2213; x_wconf 91' lang='lat' dir='ltr'><strong>olim</strong></span> <span class='ocrx_word' id='word_1_137' title='bbox 1156 2191 1160 2199; x_wconf 88' lang='lat'><strong>·</strong></span> 
     </span>
    </p>

    <p class='ocr_par' dir='ltr' id='par_1_19' title="bbox 277 2237 1091 2316">
     <span class='ocr_line' id='line_1_21' title="bbox 277 2237 1091 2316; baseline -0.005 -16"><span class='ocrx_word' id='word_1_138' title='bbox 277 2237 422 2300; x_wconf 74' lang='lat' dir='ltr'><strong>barbarus</strong></span> <span class='ocrx_word' id='word_1_139' title='bbox 445 2239 607 2316; x_wconf 77' lang='lat' dir='ltr'><strong>incestael,</strong></span> <span class='ocrx_word' id='word_1_140' title='bbox 631 2237 711 2298; x_wconf 90' lang='lat' dir='ltr'><strong>dedit</strong></span> <span class='ocrx_word' id='word_1_141' title='bbox 733 2237 810 2297; x_wconf 88' lang='lat' dir='ltr'><strong>bunc</strong></span> <span class='ocrx_word' id='word_1_142' title='bbox 830 2239 964 2316; x_wconf 79' lang='lat' dir='ltr'><strong>Agrippa</strong></span> <span class='ocrx_word' id='word_1_143' title='bbox 984 2239 1091 2313; x_wconf 85' lang='lat' dir='ltr'><strong>sorori,</strong></span> 
     </span>
    </p>

    <p class='ocr_par' dir='ltr' id='par_1_20' title="bbox 278 2321 1077 2400">
     <span class='ocr_line' id='line_1_22' title="bbox 278 2321 1077 2400; baseline 0 -18"><span class='ocrx_word' id='word_1_144' title='bbox 278 2323 445 2383; x_wconf 86' lang='lat' dir='ltr'><strong>Observaut</strong></span> <span class='ocrx_word' id='word_1_145' title='bbox 466 2321 514 2382; x_wconf 92' lang='lat' dir='ltr'><strong>ubi</strong></span> <span class='ocrx_word' id='word_1_146' title='bbox 535 2322 609 2381; x_wconf 86' lang='lat' dir='ltr'><strong>iesta</strong></span> <span class='ocrx_word' id='word_1_147' title='bbox 632 2339 713 2380; x_wconf 88' lang='lat' dir='ltr'><strong>mero</strong></span> <span class='ocrx_word' id='word_1_148' title='bbox 738 2322 816 2400; x_wconf 90' lang='lat' dir='ltr'><strong>pede</strong></span> <span class='ocrx_word' id='word_1_149' title='bbox 837 2322 956 2384; x_wconf 90' lang='lat' dir='ltr'><strong>sabbata</strong></span> <span class='ocrx_word' id='word_1_150' title='bbox 977 2340 1077 2399; x_wconf 89' lang='lat' dir='ltr'><strong>reges,</strong></span> 
     </span>
    </p>

    <p class='ocr_par' dir='ltr' id='par_1_21' title="bbox 277 2405 1271 2568">
     <span class='ocr_line' id='line_1_23' title="bbox 277 2405 1271 2485; baseline 0.002 -18"><span class='ocrx_word' id='word_1_151' title='bbox 277 2406 316 2468; x_wconf 83' lang='lat' dir='ltr'><strong>Et</strong></span> <span class='ocrx_word' id='word_1_152' title='bbox 337 2416 422 2467; x_wconf 89' lang='lat' dir='ltr'><strong>vetus</strong></span> <span class='ocrx_word' id='word_1_153' title='bbox 445 2405 576 2484; x_wconf 79' lang='lat' dir='ltr'><strong>indulget</strong></span> <span class='ocrx_word' id='word_1_154' title='bbox 595 2405 713 2465; x_wconf 90' lang='lat' dir='ltr'><strong>senibus</strong></span> <span class='ocrx_word' id='word_1_155' title='bbox 736 2407 891 2466; x_wconf 90' lang='lat' dir='ltr'><strong>clementia</strong></span> <span class='ocrx_word' id='word_1_156' title='bbox 911 2408 1020 2485; x_wconf 87' lang='lat' dir='ltr'><strong>porcis.</strong></span> <span class='ocrx_word' id='word_1_157' title='bbox 1218 2413 1271 2469; x_wconf 83' lang='lat' dir='ltr'><strong>too</strong></span> 
     </span>
     <span class='ocr_line' id='line_1_24' title="bbox 322 2483 1122 2568; baseline -0.003 -18"><span class='ocrx_word' id='word_1_158' title='bbox 322 2490 445 2552; x_wconf 88' lang='lat' dir='ltr'><strong>Nullane</strong></span> <span class='ocrx_word' id='word_1_159' title='bbox 469 2491 507 2551; x_wconf 91' lang='lat' dir='ltr'><strong>de</strong></span> <span class='ocrx_word' id='word_1_160' title='bbox 528 2483 614 2550; x_wconf 79' lang='lat' dir='ltr'><strong>tantis</strong></span> <span class='ocrx_word' id='word_1_161' title='bbox 639 2488 779 2567; x_wconf 78' lang='lat' dir='ltr'><strong>gregibus</strong></span> <span class='ocrx_word' id='word_1_162' title='bbox 806 2490 857 2550; x_wconf 92' lang='lat' dir='ltr'><strong>tibi</strong></span> <span class='ocrx_word' id='word_1_163' title='bbox 878 2491 966 2568; x_wconf 90' lang='lat' dir='ltr'><strong>digna</strong></span> <span class='ocrx_word' id='word_1_164' title='bbox 987 2487 1122 2550; x_wconf 72' lang='lat' dir='ltr'><strong>videtur?</strong></span> 
     </span>
    </p>

    <p class='ocr_par' dir='ltr' id='par_1_22' title="bbox 278 2574 1089 2649">
     <span class='ocr_line' id='line_1_25' title="bbox 278 2574 1089 2649; baseline -0.002 -15"><span class='ocrx_word' id='word_1_165' title='bbox 278 2577 325 2635; x_wconf 86' lang='lat' dir='ltr'><strong>Sit</strong></span> <span class='ocrx_word' id='word_1_166' title='bbox 344 2575 489 2649; x_wconf 84' lang='lat' dir='ltr'><strong>formosa,</strong></span> <span class='ocrx_word' id='word_1_167' title='bbox 515 2575 642 2649; x_wconf 88' lang='lat' dir='ltr'><strong>decens,</strong></span> <span class='ocrx_word' id='word_1_168' title='bbox 668 2574 769 2649; x_wconf 85' lang='lat' dir='ltr'><strong>dives,</strong></span> <span class='ocrx_word' id='word_1_169' title='bbox 791 2574 932 2649; x_wconf 81' lang='lat' dir='ltr'><strong>fecunda,</strong></span> <span class='ocrx_word' id='word_1_170' title='bbox 955 2583 1089 2634; x_wconf 88' lang='lat' dir='ltr'><strong>vetustos</strong></span> 
     </span>
    </p>

    <p class='ocr_par' dir='ltr' id='par_1_23' title="bbox 278 2658 978 2736">
     <span class='ocr_line' id='line_1_26' title="bbox 278 2658 978 2736; baseline -0.003 -18"><span class='ocrx_word' id='word_1_171' title='bbox 278 2658 442 2719; x_wconf 86' lang='lat' dir='ltr'><strong>Porticibus</strong></span> <span class='ocrx_word' id='word_1_172' title='bbox 465 2658 600 2736; x_wconf 87' lang='lat' dir='ltr'><strong>disponat</strong></span> <span class='ocrx_word' id='word_1_173' title='bbox 626 2673 713 2731; x_wconf 86' lang='lat' dir='ltr'><strong>avos,</strong></span> <span class='ocrx_word' id='word_1_174' title='bbox 740 2659 876 2717; x_wconf 76' lang='lat' dir='ltr'><strong>intactior</strong></span> <span class='ocrx_word' id='word_1_175' title='bbox 901 2659 978 2717; x_wconf 89' lang='lat' dir='ltr'><strong>omui</strong></span> 
     </span>
    </p>

    <p class='ocr_par' dir='ltr' id='par_1_24' title="bbox 279 2741 977 2816">
     <span class='ocr_line' id='line_1_27' title="bbox 279 2741 977 2816; baseline -0.001 -14"><span class='ocrx_word' id='word_1_176' title='bbox 279 2741 413 2802; x_wconf 80' lang='lat' dir='ltr'><strong>Crinibus</strong></span> <span class='ocrx_word' id='word_1_177' title='bbox 432 2742 532 2802; x_wconf 81' lang='lat' dir='ltr'><strong>effusis</strong></span> <span class='ocrx_word' id='word_1_178' title='bbox 555 2741 665 2800; x_wconf 91' lang='lat' dir='ltr'><strong>bellum</strong></span> <span class='ocrx_word' id='word_1_179' title='bbox 687 2741 839 2800; x_wconf 85' lang='lat' dir='ltr'><strong>dirimente</strong></span> <span class='ocrx_word' id='word_1_180' title='bbox 861 2741 977 2816; x_wconf 87' lang='lat' dir='ltr'><strong>Sabina,</strong></span> 
     </span>
    </p>

    <p class='ocr_par' dir='ltr' id='par_1_25' title="bbox 279 2825 1270 2902">
     <span class='ocr_line' id='line_1_28' title="bbox 279 2825 1270 2902; baseline 0.003 -16"><span class='ocrx_word' id='word_1_181' title='bbox 279 2827 356 2886; x_wconf 87' lang='lat' dir='ltr'><strong>Rura</strong></span> <span class='ocrx_word' id='word_1_182' title='bbox 378 2827 439 2886; x_wconf 90' lang='lat' dir='ltr'><strong>avis</strong></span> <span class='ocrx_word' id='word_1_183' title='bbox 464 2827 492 2884; x_wconf 91' lang='lat' dir='ltr'><strong>iu</strong></span> <span class='ocrx_word' id='word_1_184' title='bbox 514 2827 600 2885; x_wconf 88' lang='lat' dir='ltr'><strong>terris</strong></span> <span class='ocrx_word' id='word_1_185' title='bbox 622 2827 766 2902; x_wconf 80' lang='lat' dir='ltr'><strong>nigroque</strong></span> <span class='ocrx_word' id='word_1_186' title='bbox 787 2825 932 2886; x_wconf 88' lang='lat' dir='ltr'><strong>simillima</strong></span> <span class='ocrx_word' id='word_1_187' title='bbox 954 2844 1063 2901; x_wconf 70' lang='lat' dir='ltr'><strong>cycno:</strong></span> <span class='ocrx_word' id='word_1_188' title='bbox 1218 2833 1270 2889; x_wconf 74' lang='lat'><strong>165</strong></span> 
     </span>
    </p>

    <p class='ocr_par' dir='ltr' id='par_1_26' title="bbox 280 2908 1090 2986">
     <span class='ocr_line' id='line_1_29' title="bbox 280 2908 1090 2986; baseline 0.001 -18"><span class='ocrx_word' id='word_1_189' title='bbox 280 2909 352 2983; x_wconf 85' lang='lat' dir='ltr'><strong>Quis</strong></span> <span class='ocrx_word' id='word_1_190' title='bbox 374 2911 451 2969; x_wconf 86' lang='lat' dir='ltr'><strong>ieret</strong></span> <span class='ocrx_word' id='word_1_191' title='bbox 472 2925 609 2980; x_wconf 83' lang='lat' dir='ltr'><strong>uxorem,</strong></span> <span class='ocrx_word' id='word_1_192' title='bbox 636 2911 682 2970; x_wconf 90' lang='lat' dir='ltr'><strong>cui</strong></span> <span class='ocrx_word' id='word_1_193' title='bbox 707 2919 841 2969; x_wconf 89' lang='lat' dir='ltr'><strong>coustant</strong></span> <span class='ocrx_word' id='word_1_194' title='bbox 867 2908 980 2971; x_wconf 85' lang='lat' dir='ltr'><strong>omnia?</strong></span> <span class='ocrx_word' id='word_1_195' title='bbox 1003 2911 1090 2986; x_wconf 89' lang='lat' dir='ltr'><strong>malo,</strong></span> 
     </span>
    </p>

    <p class='ocr_par' dir='ltr' id='par_1_27' title="bbox 279 2992 1022 3071">
     <span class='ocr_line' id='line_1_30' title="bbox 279 2992 1022 3071; baseline 0 -17"><span class='ocrx_word' id='word_1_196' title='bbox 279 2993 357 3054; x_wconf 86' lang='lat' dir='ltr'><strong>Malo</strong></span> <span class='ocrx_word' id='word_1_197' title='bbox 379 2993 572 3069; x_wconf 86' lang='lat' dir='ltr'><strong>Venusinam,</strong></span> <span class='ocrx_word' id='word_1_198' title='bbox 595 3011 681 3071; x_wconf 85' lang='lat' dir='ltr'><strong>quam</strong></span> <span class='ocrx_word' id='word_1_199' title='bbox 704 3002 749 3068; x_wconf 87' lang='lat' dir='ltr'><strong>te,</strong></span> <span class='ocrx_word' id='word_1_200' title='bbox 769 2992 910 3054; x_wconf 81' lang='lat' dir='ltr'><strong>Cornelia</strong></span> <span class='ocrx_word' id='word_1_201' title='bbox 930 3004 1022 3054; x_wconf 89' lang='lat' dir='ltr'><strong>mater</strong></span> 
     </span>
    </p>

    <p class='ocr_par' dir='ltr' id='par_1_28' title="bbox 281 3077 1055 3154">
     <span class='ocr_line' id='line_1_31' title="bbox 281 3077 1055 3154; baseline -0.001 -17"><span class='ocrx_word' id='word_1_202' title='bbox 281 3077 495 3152; x_wconf 83' lang='lat' dir='ltr'><strong>Gracchorum,</strong></span> <span class='ocrx_word' id='word_1_203' title='bbox 521 3079 546 3136; x_wconf 88' lang='lat' dir='ltr'><strong>si</strong></span> <span class='ocrx_word' id='word_1_204' title='bbox 572 3095 636 3137; x_wconf 86' lang='lat' dir='ltr'><strong>curu</strong></span> <span class='ocrx_word' id='word_1_205' title='bbox 657 3079 769 3154; x_wconf 82' lang='lat' dir='ltr'><strong>maguis</strong></span> <span class='ocrx_word' id='word_1_206' title='bbox 791 3079 945 3138; x_wconf 86' lang='lat' dir='ltr'><strong>virtutibus</strong></span> <span class='ocrx_word' id='word_1_207' title='bbox 966 3079 1055 3138; x_wconf 73' lang='lat' dir='ltr'><strong>affers</strong></span> 
     </span>
    </p>

    <p class='ocr_par' dir='ltr' id='par_1_29' title="bbox 279 3161 1141 3240">
     <span class='ocr_line' id='line_1_32' title="bbox 279 3161 1141 3240; baseline -0.001 -19"><span class='ocrx_word' id='word_1_208' title='bbox 279 3161 395 3222; x_wconf 83' lang='lat' dir='ltr'><strong>Grande</strong></span> <span class='ocrx_word' id='word_1_209' title='bbox 412 3161 601 3240; x_wconf 89' lang='lat' dir='ltr'><strong>supercilium</strong></span> <span class='ocrx_word' id='word_1_210' title='bbox 625 3171 655 3221; x_wconf 93' lang='lat' dir='ltr'><strong>et</strong></span> <span class='ocrx_word' id='word_1_211' title='bbox 675 3181 810 3222; x_wconf 89' lang='lat' dir='ltr'><strong>numeras</strong></span> <span class='ocrx_word' id='word_1_212' title='bbox 831 3165 860 3222; x_wconf 92' lang='lat' dir='ltr'><strong>in</strong></span> <span class='ocrx_word' id='word_1_213' title='bbox 880 3164 949 3222; x_wconf 90' lang='lat' dir='ltr'><strong>dote</strong></span> <span class='ocrx_word' id='word_1_214' title='bbox 970 3161 1141 3240; x_wconf 84' lang='lat' dir='ltr'><strong>triumphos.</strong></span> 
     </span>
    </p>

    <p class='ocr_par' dir='ltr' id='par_1_30' title="bbox 280 3245 1272 3326">
     <span class='ocr_line' id='line_1_33' title="bbox 280 3245 1272 3326; baseline 0.006 -21"><span class='ocrx_word' id='word_1_215' title='bbox 280 3245 367 3305; x_wconf 88' lang='lat' dir='ltr'><strong>Tolle</strong></span> <span class='ocrx_word' id='word_1_216' title='bbox 384 3253 477 3321; x_wconf 91' lang='lat' dir='ltr'><strong>tuum,</strong></span> <span class='ocrx_word' id='word_1_217' title='bbox 498 3262 622 3323; x_wconf 92' lang='lat' dir='ltr'><strong>precor,</strong></span> <span class='ocrx_word' id='word_1_218' title='bbox 641 3245 829 3307; x_wconf 81' lang='lat' dir='ltr'><strong>Hannibalem</strong></span> <span class='ocrx_word' id='word_1_219' title='bbox 848 3248 1013 3324; x_wconf 84' lang='lat' dir='ltr'><strong>rictumque</strong></span> <span class='ocrx_word' id='word_1_220' title='bbox 1032 3247 1197 3326; x_wconf 74' lang='lat' dir='ltr'><strong>Sp’pbucem</strong></span> <span class='ocrx_word' id='word_1_221' title='bbox 1219 3255 1272 3310; x_wconf 85' lang='lat' dir='ltr'><strong>rto</strong></span> 
     </span>
    </p>

    <p class='ocr_par' dir='ltr' id='par_1_31' title="bbox 278 3328 1011 3408">
     <span class='ocr_line' id='line_1_34' title="bbox 278 3328 1011 3408; baseline 0.003 -20"><span class='ocrx_word' id='word_1_222' title='bbox 278 3328 456 3404; x_wconf 84' lang='lat' dir='ltr'><strong>incastris,</strong></span> <span class='ocrx_word' id='word_1_223' title='bbox 482 3339 511 3388; x_wconf 91' lang='lat' dir='ltr'><strong>et</strong></span> <span class='ocrx_word' id='word_1_224' title='bbox 535 3347 599 3390; x_wconf 89' lang='lat' dir='ltr'><strong>cum</strong></span> <span class='ocrx_word' id='word_1_225' title='bbox 620 3339 682 3390; x_wconf 90' lang='lat' dir='ltr'><strong>tota</strong></span> <span class='ocrx_word' id='word_1_226' title='bbox 705 3330 880 3408; x_wconf 81' lang='lat' dir='ltr'><strong>Cartbagine</strong></span> <span class='ocrx_word' id='word_1_227' title='bbox 905 3331 1011 3407; x_wconf 86' lang='lat' dir='ltr'><strong>migra!</strong></span> 
     </span>
    </p>
   </div>
   <div class='ocr_carea' id='block_1_6' title="bbox 178 3413 1141 3492">
    <p class='ocr_par' dir='ltr' id='par_1_32' title="bbox 178 3413 1141 3492">
     <span class='ocr_line' id='line_1_35' title="bbox 178 3413 1141 3492; baseline -0.001 -16"><span class='ocrx_word' id='word_1_228' title='bbox 178 3468 180 3476; x_wconf 92' lang='lat'>.</span> <span class='ocrx_word' id='word_1_229' title='bbox 280 3413 388 3488; x_wconf 86' lang='lat' dir='ltr'><strong>Parce,</strong></span> <span class='ocrx_word' id='word_1_230' title='bbox 412 3430 537 3491; x_wconf 81' lang='lat' dir='ltr'><strong>precor,</strong></span> <span class='ocrx_word' id='word_1_231' title='bbox 560 3413 671 3490; x_wconf 90' lang='lat' dir='ltr'><strong>Paean,</strong></span> <span class='ocrx_word' id='word_1_232' title='bbox 696 3425 726 3474; x_wconf 87' lang='lat' dir='ltr'><strong>et</strong></span> <span class='ocrx_word' id='word_1_233' title='bbox 747 3425 793 3488; x_wconf 93' lang='lat' dir='ltr'><strong>tu,</strong></span> <span class='ocrx_word' id='word_1_234' title='bbox 817 3416 888 3488; x_wconf 88' lang='lat' dir='ltr'><strong>dea,</strong></span> <span class='ocrx_word' id='word_1_235' title='bbox 908 3432 986 3492; x_wconf 93' lang='lat' dir='ltr'><strong>pone</strong></span> <span class='ocrx_word' id='word_1_236' title='bbox 1004 3417 1141 3492; x_wconf 65' lang='lat' dir='ltr'><strong>sagittam</strong></span> 
     </span>
    </p>
   </div>
   <div class='ocr_carea' id='block_1_7' title="bbox 219 3495 1273 3829">
    <p class='ocr_par' dir='ltr' id='par_1_33' title="bbox 279 3495 1011 3576">
     <span class='ocr_line' id='line_1_36' title="bbox 279 3495 1011 3576; baseline 0.004 -20"><span class='ocrx_word' id='word_1_237' title='bbox 279 3495 328 3556; x_wconf 88' lang='lat' dir='ltr'><strong>Nil</strong></span> <span class='ocrx_word' id='word_1_238' title='bbox 350 3499 434 3574; x_wconf 90' lang='lat' dir='ltr'><strong>pueri</strong></span> <span class='ocrx_word' id='word_1_239' title='bbox 456 3497 579 3574; x_wconf 85' lang='lat' dir='ltr'><strong>faciunt,</strong></span> <span class='ocrx_word' id='word_1_240' title='bbox 604 3500 696 3576; x_wconf 89' lang='lat' dir='ltr'><strong>ipsam</strong></span> <span class='ocrx_word' id='word_1_241' title='bbox 717 3499 854 3574; x_wconf 85' lang='lat' dir='ltr'><strong>conligite</strong></span> <span class='ocrx_word' id='word_1_242' title='bbox 875 3495 1011 3559; x_wconf 86' lang='lat' dir='ltr'><strong>matrem!</strong></span> 
     </span>
    </p>

    <p class='ocr_par' dir='ltr' id='par_1_34' title="bbox 281 3579 1061 3657">
     <span class='ocr_line' id='line_1_37' title="bbox 281 3579 1061 3657; baseline 0.005 -20"><span class='ocrx_word' id='word_1_243' title='bbox 281 3579 427 3657; x_wconf 85' lang='lat' dir='ltr'><strong>Amphion</strong></span> <span class='ocrx_word' id='word_1_244' title='bbox 450 3581 569 3641; x_wconf 86' lang='lat' dir='ltr'><strong>clamat:</strong></span> <span class='ocrx_word' id='word_1_245' title='bbox 594 3583 648 3642; x_wconf 91' lang='lat' dir='ltr'><strong>sed</strong></span> <span class='ocrx_word' id='word_1_246' title='bbox 670 3582 765 3641; x_wconf 88' lang='lat' dir='ltr'><strong>Paean</strong></span> <span class='ocrx_word' id='word_1_247' title='bbox 787 3583 931 3642; x_wconf 88' lang='lat' dir='ltr'><strong>coutmbit</strong></span> <span class='ocrx_word' id='word_1_248' title='bbox 954 3601 1061 3644; x_wconf 90' lang='lat' dir='ltr'><strong>arcum.</strong></span> 
     </span>
    </p>

    <p class='ocr_par' dir='ltr' id='par_1_35' title="bbox 219 3663 1273 3829">
     <span class='ocr_line' id='line_1_38' title="bbox 280 3663 1273 3746; baseline 0.007 -23"><span class='ocrx_word' id='word_1_249' title='bbox 280 3663 393 3723; x_wconf 87' lang='lat' dir='ltr'><strong>Extulit</strong></span> <span class='ocrx_word' id='word_1_250' title='bbox 418 3682 490 3741; x_wconf 87' lang='lat' dir='ltr'><strong>ergo</strong></span> <span class='ocrx_word' id='word_1_251' title='bbox 514 3683 624 3743; x_wconf 83' lang='lat' dir='ltr'><strong>greges</strong></span> <span class='ocrx_word' id='word_1_252' title='bbox 644 3675 775 3725; x_wconf 87' lang='lat' dir='ltr'><strong>natorum</strong></span> <span class='ocrx_word' id='word_1_253' title='bbox 797 3669 949 3746; x_wconf 81' lang='lat' dir='ltr'><strong>ipsumque</strong></span> <span class='ocrx_word' id='word_1_254' title='bbox 970 3676 1131 3746; x_wconf 89' lang='lat' dir='ltr'><strong>parentem,</strong></span> <span class='ocrx_word' id='word_1_255' title='bbox 1218 3673 1273 3730; x_wconf 79' lang='lat'><strong>175</strong></span> 
     </span>
     <span class='ocr_line' id='line_1_39' title="bbox 219 3747 980 3829; baseline 0.007 -23"><span class='ocrx_word' id='word_1_256' title='bbox 219 3785 226 3796; x_wconf 61' lang='grc' dir='ltr'><em>ι</em></span> <span class='ocrx_word' id='word_1_257' title='bbox 280 3747 356 3807; x_wconf 89' lang='lat' dir='ltr'><strong>Dum</strong></span> <span class='ocrx_word' id='word_1_258' title='bbox 380 3747 434 3808; x_wconf 87' lang='lat' dir='ltr'><strong>sibi</strong></span> <span class='ocrx_word' id='word_1_259' title='bbox 459 3749 585 3810; x_wconf 87' lang='lat' dir='ltr'><strong>nobilior</strong></span> <span class='ocrx_word' id='word_1_260' title='bbox 606 3749 732 3810; x_wconf 85' lang='lat' dir='ltr'><strong>Latonae</strong></span> <span class='ocrx_word' id='word_1_261' title='bbox 755 3761 844 3829; x_wconf 84' lang='lat' dir='ltr'><strong>gente</strong></span> <span class='ocrx_word' id='word_1_262' title='bbox 866 3753 980 3812; x_wconf 88' lang='lat' dir='ltr'><strong>videtur</strong></span> 
     </span>
    </p>
   </div>
   <div class='ocr_carea' id='block_1_8' title="bbox 0 0 1538 4484">
    <p class='ocr_par' dir='ltr' id='par_1_36' title="bbox 0 0 1538 4484">
     <span class='ocr_line' id='line_1_40' title="bbox 0 0 1538 4484; baseline 0 0"><span class='ocrx_word' id='word_1_263' title='bbox 0 0 1538 4484; x_wconf 95' lang='lat' dir='ltr'><strong> </strong></span> 
     </span>
    </p>
   </div>
  </div>
 </body>
</html>
