3050 4484
656 486 692 533 D.
715 486 786 535 IUN-
807 483 992 535 mvttrtums

648 717 980 782 SATIRAXII.

325 833 442 934 Natali,
470 860 771 936 Corvine,diemil1i
794 862 907 923 dulcior
930 862 1003 921 baec
1029 861 1088 936 lux,

327 950 391 1023 Qua
413 946 504 1005 festus
527 945 669 1023 promissa
691 945 754 1005 deis
777 946 907 1005 animalia
928 962 1035 1026 cespes

326 1032 498 1109 Exspectat.
530 1027 650 1087 Nireum
671 1028 790 1105 reginae
813 1029 944 1089 ducimus
963 1045 1077 1105 agnam,

325 1117 380 1177 l’ar
401 1112 496 1173 vellus
520 1110 633 1173 dabitur
654 1115 791 1190 pugnanti
812 1111 951 1189 Gorgone
968 1110 1082 1179 llaura3

284 1196 294 1207 “
326 1200 386 1260 Sed
407 1196 510 1275 procul
533 1204 682 1255 extensum
707 1196 841 1272 petulans
864 1197 954 1273 quatit
973 1194 1183 1255 hostiaiunem
1214 1220 1217 1225 ·
1288 1205 1304 1256 5

272 1341 275 1355 ,
326 1282 452 1360 Tarpeio
475 1288 589 1340 servata
612 1279 675 1341 lovi
699 1278 883 1356 frontemque
904 1287 1051 1354 coruscat,

326 1366 444 1443 Quippe
468 1364 553 1423 ierox
574 1364 699 1437 vitulus,
729 1363 844 1441 templis
868 1372 994 1422 maturus
1017 1370 1046 1421 et
1070 1378 1139 1421 arae

326 1447 574 1527 spargendusque
600 1463 698 1521 mero,
722 1464 808 1526 quem
829 1448 884 1505 inm
906 1446 996 1523 pudet
1017 1444 1108 1505 ubam
1128 1447 1225 1507 matris
1286 1460 1289 1466 ·

325 1532 460 1606 Ducere,
488 1532 535 1609 qui
555 1540 642 1596 uexat
664 1532 795 1591 nascenti
815 1529 924 1590 robora
946 1545 1044 1587 cornu.

325 1616 357 1675 Si
380 1633 428 1674 res
452 1613 545 1690 ampla
569 1614 644 1673 domi
665 1614 824 1692 similisque
847 1611 998 1673 affectibus
1021 1621 1111 1688 esset,
1273 1625 1306 1677 lo

326 1699 463 1774 Pinguior
484 1696 615 1774 Hispulla
637 1705 663 1755 tr
702 1706 800 1757 eretur
820 1706 919 1756 taurus
940 1704 971 1755 et
994 1696 1059 1773 ipsa
1115 1763 1121 1775 .

324 1780 404 1841 blcle
427 1782 512 1859 piger
532 1798 587 1839 nec
610 1779 670 1852 linit
709 1798 725 1839 a
746 1781 867 1843 nutritus
888 1782 916 1837 in
938 1777 1039 1852 barba,
1119 1792 1123 1800 ’

325 1864 413 1923 Laeta
436 1863 489 1923 sed
512 1863 668 1923 ostendens
692 1860 825 1923 Clitumni
847 1880 956 1940 pascua
982 1862 1100 1949 sapguis

326 1947 386 2007 Iret
407 1955 437 2006 et
458 1964 475 2005 a
495 1946 597 2023 grandi
620 1948 721 2005 cervix
742 1946 873 2007 ferienda
896 1946 1037 2020 ministro,

326 2029 371 2091 Ob
393 2030 515 2090 reditum
536 2030 706 2107 trepidantis
729 2030 822 2090 adbuc
842 2029 1043 2107 horrendaque
1065 2028 1145 2107 passi

325 2114 426 2192 Nuper
449 2122 477 2172 et
499 2113 671 2173 incolumem
694 2132 762 2173 sese
783 2115 910 2173 mirantis
931 2113 1025 2173 amici.

324 2196 398 2259 Nam
419 2205 536 2275 praeter
560 2197 659 2275 pelagi
681 2214 766 2257 casus
789 2206 820 2257 et
842 2196 966 2256 iulrninis
986 2197 1061 2256 ictus

325 2280 442 2341 Evasit:
476 2280 584 2339 densae
608 2278 722 2339 coelum
745 2280 926 2341 abscondere
952 2277 1092 2339 tenebrae

324 2363 409 2424 Nube
434 2382 490 2425 una
516 2363 686 2442 subitusque
708 2372 856 2425 antemnas
879 2363 990 2441 impulit
1012 2363 1097 2440 ignis,

326 2446 420 2520 Quum
443 2465 475 2506 se
500 2448 621 2525 quisque
644 2447 694 2508 illo
716 2466 887 2526 percussum
910 2445 1044 2507 crederet
1070 2456 1100 2507 et
1119 2464 1187 2505 mox
1255 2508 1258 2513 ,

327 2530 473 2591 Attonitus
497 2530 604 2591 nullum
627 2530 753 2591 conferri
775 2548 865 2610 posse
889 2540 1003 2609 putaret

325 2612 512 2689 Naufragium
533 2613 607 2672 velis
630 2614 805 2674 ardentibus.
840 2612 940 2673 Omnia
962 2614 1032 2673 liunt

326 2696 424 2771 Talia,
447 2705 503 2755 tarn
526 2698 669 2772 graviter,
692 2699 716 2756 si
739 2698 853 2775 quando
872 2698 990 2775 poetica
1010 2698 1102 2773 surgit

327 2779 508 2858 Tempestas.
544 2777 639 2839 Genus
661 2798 733 2841 ecce
755 2780 833 2841 aliud
855 2780 1025 2840 discriminis
1047 2780 1112 2840 audi

325 2861 363 2922 Et
386 2864 525 2921 miserere
546 2863 663 2939 iterum,
688 2882 858 2943 quamquam
880 2866 936 2923 sint
958 2873 1058 2925 cetera
1080 2865 1169 2923 sortis
1293 2880 1302 2890 ’

325 2944 464 3005 Eiusdem
486 2964 554 3024 pars
576 2946 637 3006 dira
659 2948 793 3026 quidem,
816 2947 870 3009 sed
894 2949 1010 3025 cognita
1032 2948 1127 3007 multis

325 3028 364 3089 Et
386 3047 469 3108 quarn
490 3031 588 3089 votiva
610 3040 750 3091 testantur
772 3030 838 3091 iana
861 3030 970 3091 tabella

326 3112 466 3180 Plurimn;
488 3114 616 3191 pictores
639 3115 702 3193 quis
724 3116 819 3174 nescit
840 3114 876 3174 ab
898 3113 976 3174 lside
998 3113 1101 3191 pasci?

325 3196 442 3257 Accidit
466 3205 495 3255 et
516 3204 616 3257 nostro
640 3199 740 3259 similis
765 3198 878 3258 fortuita
899 3195 1023 3257 Catullo.

326 3279 420 3352 Quum
441 3279 544 3357 plenus
566 3279 653 3341 iluctu
674 3282 785 3341 medius
803 3281 879 3341 foret
899 3280 1000 3339 Nasus
1023 3290 1052 3341 et
1072 3284 1137 3359 ianr,

313 3363 475 3449 'Alternum
500 3365 604 3442 puppis
628 3364 702 3424 latus
728 3363 925 3424 evertentibus
950 3364 1032 3423 undis

327 3445 450 3506 Arboris
472 3448 616 3523 incertae,
639 3448 743 3507 nullam
768 3447 917 3526 prudentia
939 3448 1003 3506 cani

326 3528 461 3589 Rectoris
483 3530 630 3590 conferret
651 3547 752 3608 opem,
776 3530 914 3590 decidere
936 3531 1011 3590 iactu

327 3610 434 3691 Coepit
456 3631 519 3673 curn
540 3617 649 3689 ventis,
673 3615 796 3673 imitatus
820 3607 951 3689 castora,
979 3615 1081 3692 quise

327 3690 494 3757 Eunuchum
516 3698 579 3774 ipse
602 3698 687 3773 facit,
713 3699 832 3777 cupiens
855 3698 981 3758 evadere
1004 3698 1105 3757 damno
