3050 4484
621 488 746 536 SATIRA
767 490 839 537 xlv.

224 638 225 647 ’
258 629 377 691 blateria
403 636 535 687 constare
561 634 641 703 putat
668 626 845 704 paribusque
871 624 1031 700 elementis,

258 716 304 774 An
325 710 438 772 saevire
461 712 549 771 docet
572 708 700 784 Rutilus,
731 711 779 787 qui
800 710 909 785 gaudet
928 708 1037 767 acerbo

258 798 409 873 Plagarum
434 795 555 872 strepitu
578 802 607 851 et
629 792 735 854 nullam
756 793 858 852 Sirena
882 791 1008 867 flagellis
1236 830 1241 841 .

180 889 185 897 '
259 878 428 959 Comparat‚
452 876 623 955 Antiphates
645 877 750 954 trepidi
770 874 840 936 laris
857 894 891 935 ao
912 874 1118 953 Polyphemus,
1204 887 1240 939 20

258 964 337 1023 Tunc
359 962 449 1037 felix,
475 962 589 1038 quoties
615 960 717 1037 aliquis
739 968 853 1019 tortore
876 968 983 1018 vocato

256 1048 356 1107 Uritur
378 1046 490 1105 ardenti
512 1045 568 1104 duo
594 1052 715 1123 propter
736 1044 824 1105 lintea
845 1040 948 1103 ferro?

259 1132 334 1204 Quid
354 1128 457 1189 suadet
479 1128 574 1186 iuveni
597 1128 690 1187 laetus
706 1127 839 1187 'stridore
860 1137 992 1203 catenae,

258 1214 351 1287 Quem
372 1212 443 1271 mire
467 1211 594 1270 alliciunt
614 1212 751 1289 inscripta
774 1210 938 1288 ergastula,
962 1207 1087 1270 carcer?

257 1297 393 1355 Rusticus
418 1292 592 1373 exspectas,
619 1302 648 1352 ut
670 1312 727 1353 non
750 1295 787 1352 sit
799 1294 939 1354 adultera
961 1293 1073 1369 Largae
1204 1304 1240 1355 25
1343 1284 1349 1291 ’

257 1379 346 1454 Filia,
372 1397 447 1457 quae
470 1388 621 1455 numquam
641 1387 787 1436 maternos
810 1377 908 1437 dicere
928 1376 1069 1438 moeobos

258 1464 327 1524 Tam
352 1464 409 1522 cito
432 1480 487 1521 neo
514 1470 592 1521 tanto
617 1462 725 1539 poterit
747 1469 906 1520 contexere
930 1479 1027 1536 cursu,

259 1546 296 1607 Ut
317 1564 375 1605 non
396 1554 442 1605 ter
464 1546 563 1621 decies
588 1540 738 1623 respiret?
766 1546 885 1604 conscia
906 1546 990 1603 matri

256 1630 349 1707 Virgo
372 1630 440 1697 iuit;
464 1647 548 1692 ceras
575 1646 649 1687 nunc
671 1628 725 1687 bac
749 1628 875 1689 dictante
901 1628 1024 1707 pusillas

257 1712 361 1793 Implet
386 1721 415 1771 et
437 1713 472 1772 ad
494 1711 645 1771 moechum
667 1711 717 1771 dat
739 1712 848 1771 eisdem
869 1712 948 1772 ferre
973 1712 1111 1773 cinaedis.
1171 1772 1174 1778 ,
1205 1720 1241 1774 3⁰

257 1798 307 1857 Sic
331 1806 436 1861 natura¹
455 1794 548 1855 iubet:
572 1795 705 1855 velocius
728 1804 758 1854 et
780 1796 864 1855 eitius
884 1813 939 1855 nos

257 1880 450 1957 Corrumpunt
471 1880 605 1938 vitiorum
631 1878 783 1957 exempla,
809 1879 969 1939 domestica
993 1881 1104 1955 magnis

257 1964 350 2038 Quum
373 1962 496 2023 subeunt
523 1964 633 2022 animos
659 1962 836 2023 auctoribus.
873 1962 953 2023 Unus
977 1972 1007 2021 et
1028 1963 1103 2022 alter

255 2046 390 2107 Forsitan
418 2046 492 2105 baec
520 2055 657 2124 spernant
680 2047 819 2119 iuvenies,
844 2045 949 2123 quibus
972 2054 1035 2105 arte
1059 2046 1184 2123 benigna

255 2130 293 2191 Et
316 2120 440 2190 meliore
466 2129 526 2189 luto
551 2130 630 2189 linxit
653 2128 826 2207 praecordia
848 2128 944 2196 Titum
1205 2139 1240 2193 35

256 2216 316 2275 Sed
338 2214 468 2293 reliquos
494 2212 631 2291 fugienda
654 2222 767 2291 patrum
791 2212 916 2288 vestigia
939 2213 1046 2272 'ducunt

255 2297 294 2359 Et
315 2307 471 2357 monstrata
493 2297 540 2356 diu
562 2298 671 2356 veteris
696 2297 783 2356 trabit
805 2296 899 2355 orbita
924 2296 1039 2373 culpae.

234 2382 411 2449 ,Abstineas
438 2381 525 2457 igitur
548 2380 725 2449 damnandis;
751 2380 835 2439 buius
863 2381 937 2438 enim
957 2380 1007 2439 vel

255 2465 319 2526 Una
340 2473 444 2543 potens
466 2466 625 2537 reticeat,
650 2466 830 2523 neorimina
851 2472 951 2523 nostra
972 2472 1130 2543 sequantur

255 2548 302 2609 Ex
320 2548 404 2607 nobis
426 2548 534 2625 geniti5
562 2549 697 2626 quoniam
722 2547 835 2607 dociles
857 2547 1000 2607 imitandis
1206 2555 1241 2609 40

256 2632 401 2710 Turpibus
427 2648 462 2690 ac
485 2634 581 2709 pravis
606 2648 708 2690 omnes
729 2650 840 2699 sumus;
867 2639 897 2690 et
921 2628 1074 2691 Catilinam

256 2715 445 2793 Quocumque
467 2716 495 2773 in
518 2714 627 2793 populo
651 2708 768 2790 videas,
793 2733 977 2794 quocumque
999 2715 1052 2778 sub
1076 2732 1143 2790 axe,

256 2800 315 2859 Sed
341 2816 398 2858 nec
417 2798 520 2857 Brutus
544 2800 614 2873 erit,
637 2798 716 2857 Bruti
738 2817 794 2858 neo
818 2800 977 2861 avunculus
999 2818 1129 2877 usquam.

255 2881 303 2941 Nil
325 2884 403 2943 dictu
425 2882 541 2941 foedum
563 2886 685 2959 visuque
706 2882 781 2941 baec
807 2883 903 2942 limina
925 2891 1033 2959 tangat,
1262 2942 1267 2953 ,

253 2966 332 3025 dntra
356 2982 430 3043 quae
453 2974 537 3043 pater
559 2974 618 3034 est;
643 2966 763 3043 procul,
787 2966 824 3025 ab
846 2966 949 3043 procul
972 2966 1038 3025 inde
1061 2966 1178 3045 puellae
1205 2975 1240 3028 45

255 3048 401 3109 Lenonum
428 3058 457 3109 et
480 3056 579 3109 cantus
605 3050 803 3127 pernoctantis
825 3050 961 3126 parasiti!

255 3131 378 3199 blanima
401 3132 524 3193 debetur
547 3150 640 3211 puero
661 3135 841 3192 reverentia:
866 3134 891 3191 si
915 3134 984 3211 quid
1081 3154 1086 3164 ¹

256 3216 353 3295 Turpe
379 3235 481 3295 paras,
508 3236 564 3277 neo
589 3225 618 3275 m
641 3218 724 3295 pueri
747 3220 957 3294 contempseris
979 3234 1081 3293 annos,

256 3300 315 3359 Sed
338 3309 497 3378 peccaturo
520 3301 617 3360 obstet
641 3300 692 3359 tibi
718 3300 794 3359 lilius
816 3300 919 3359 inians.

255 3381 327 3443 Nam
353 3384 377 3441 si
406 3383 473 3461 quid
499 3384 614 3459 dignum
643 3386 774 3443 censoris
800 3384 904 3443 iecerit
928 3386 969 3443 ira
1205 3390 1240 3445 50

258 3464 438 3545 Quandoque
466 3476 495 3525 et
518 3466 640 3526 similem
660 3466 711 3527 tibi
737 3486 771 3527 se
797 3484 1004 3545 concerpere
1028 3476 1136 3526 tantum

255 3548 320 3609 Nec
342 3548 422 3609 vultu
450 3550 578 3625 dederit,
606 3564 715 3611 morum
741 3570 859 3631 qnoque
883 3551 958 3610 lilius
979 3560 1009 3611 et
1032 3554 1081 3631 qui

258 3630 358 3693 Omnia
384 3633 512 3693 deterius
534 3644 582 3693 tna
608 3652 662 3711 per
684 3638 809 3713 vestigia
829 3642 947 3713 peccet,

258 3712 408 3795 Corripies
434 3718 563 3799 nimirum
586 3726 615 3776 et
637 3718 793 3796 castigabis
816 3717 925 3777 acerbo
