3050 4484
463 1286 861 1363 SULPICIllEv
893 1284 1164 1351 SATIRA.

736 1466 893 1476 ----ι

319 1630 418 1704 illusa,
435 1626 538 1708 quibus
552 1630 679 1689 numeris
693 1626 800 1689 heroas
816 1634 845 1685 et
863 1641 940 1684 arma
954 1624 1139 1701 frequentas,

319 1712 469 1773 Fabellam
485 1714 620 1791 permitte
635 1712 704 1772 mibi
719 1712 860 1771 detexere
877 1710 988 1787 paucis.

319 1796 391 1856 Nam
406 1794 458 1855 tibi
474 1797 603 1870 secessi,
615 1804 715 1859 ¹tecum
730 1792 883 1873 penetrale
897 1801 1061 1852 retractans
1123 1839 1131 1850 .

321 1877 495 1947 Consilium;
521 1897 611 1957 quare
627 1897 682 1939 uec
698 1879 824 1939 carmine
840 1893 925 1937 curro
939 1876 1085 1936 Phalaeco

321 1962 384 2023 Nec
402 1965 532 2022 trimetro
549 1962 644 2022 iambo
660 1981 716 2022 nec
735 1964 783 2041 qui
799 1960 876 2040 pede
894 1959 1003 2024 fractus
1019 1958 1131 2020 codem·
1209 1962 1211 1967 ’

319 2046 447 2107 Fortiter
463 2048 550 2107 irasci
565 2046 664 2107 didicit
679 2047 754 2107 duce
770 2044 967 2106 Clazomenio.
1206 2111 1208 2117 y

321 2129 428 2189 Cetera
444 2133 510 2209 quin
528 2132 628 2206 etiam,
646 2139 716 2209 quot
731 2131 857 2208 deniqne
872 2129 949 2190 milia
974 2127 1032 2187 lusi
1130 2166 1133 2170 ν
1203 2159 1207 2164 <

320 2213 472 2291 Primaque
487 2214 632 2275 Romanas
648 2214 734 2273 docui
750 2214 929 2274 contendere
947 2211 1040 2272 Graiis
1058 2257 1060 2264 ,

319 2295 357 2355 Et
373 2298 481 2358 salibus
495 2300 609 2359 variare
626 2299 725 2373 novis,
749 2306 917 2357 constanter
931 2297 1047 2370 omitto,

320 2379 432 2460 Teque,
450 2381 552 2461 quibus
569 2384 706 2461 princeps
723 2390 754 2441 et
770 2381 973 2441 iucundissima
992 2380 1102 2456 calles,

319 2462 504 2541 Aggredior:
528 2465 667 2543 precibus
683 2465 834 2525 descende
849 2464 963 2524 clientis
981 2463 1100 2523 standi.

362 2547 418 2607 Dic
431 2549 516 2623 mihi,
534 2547 685 2629 Calliope,
702 2550 836 2626 quidnam
851 2538 935 2626 pat'er
949 2547 999 2607 illc
1015 2547 1143 2608 deorum·

249 2663 251 2667 ·
321 2629 459 2707 Cogitat?
486 2651 522 2691 an
536 2641 630 2693 terras
649 2642 678 2692 et
695 2636 788 2709 patria
803 2631 904 2691 secula
919 2640 1025 2707 mutat,
1121 2657 1145 2680 J·

321 2714 459 2792 Quasque
475 2716 555 2775 dedit
572 2718 733 2793 quondam,
747 2715 937 2775 morientibus
955 2717 1042 2793 eripit
1056 2724 1155 2791 artes,

319 2796 440 2875 Nosque
457 2798 537 2857 iubet
552 2801 657 2859 tacitos
674 2809 703 2859 et
718 2802 774 2859 iam
789 2801 908 2859 rationis
924 2816 1036 2877 egenos

319 2879 386 2938 Non
404 2881 503 2957 aliter,
521 2885 615 2961 primo
632 2902 716 2962 quam
732 2902 818 2962 quum
834 2885 1010 2943 surreximus
1027 2901 1118 2959 aevo,

323 2962 480 3024 Glandibus
497 2976 526 3025 et
543 2985 634 3045 purae
649 2986 748 3027 rursus
764 2968 958 3047 procumbere
973 2964 1147 3045 lymphael,

320 3046 367 3105 An
381 3048 510 3125 reliquas
528 3057 626 3110 terras
644 3062 799 3111 conservat
815 3052 922 3112 amicus
939 3060 969 3110 et
983 3050 1085 3126 nrbes,

322 3129 381 3190 Sed
398 3149 491 3207 genus
507 3133 667 3194 Ausonium
682 3135 856 3214 Romulique
871 3134 1004 3194 exturbat
1019 3131 1171 3194 alumnos?

322 3212 417 3285 Quid?
435 3226 603 3294 reputemus
620 3221 712 3278 eninr:
732 3219 788 3279 duo
804 3228 885 3293 sunt,
901 3218 1004 3295 quibus
1022 3218 1125 3278 extulit
1139 3219 1242 3293 ingens
1274 3226 1312 3277 20

321 3296 413 3357 Roma
431 3310 533 3379 caput:
551 3303 642 3361 virtus
657 3302 729 3362 belli
745 3312 775 3362 et
789 3303 929 3379 sapientia
946 3302 1037 3379 pacis.

321 3381 381 3440 Sed
396 3383 503 3459 virtus,
519 3386 626 3461 agitata
641 3387 717 3445 domi
734 3395 763 3445 et
779 3384 936 3444 socialibus
952 3387 1054 3460 armis,

321 3463 354 3523 ln
368 3464 443 3526 freta
460 3466 593 3527 Sicaniae
611 3478 640 3527 et
658 3468 841 3545 Carthaginis
856 3469 926 3527 exiit
941 3487 1026 3528 arces

283 3549 286 3553 ’
323 3545 489 3627 Ceteraque
505 3553 626 3630 imperia
643 3562 672 3613 et
688 3562 779 3611 totum
793 3553 877 3612 simul
892 3551 1010 3611 abstulit
1027 3552 1148 3620 orbem;

321 3628 451 3717 Deinde,
468 3636 549 3717 uelut
565 3636 657 3697 stadio
675 3638 770 3695 victor
785 3638 834 3715 qui
854 3636 933 3695 solus
949 3636 1070 3695 Achaeo
1274 3641 1312 3694 2⁵

322 3710 452 3791 banguct
468 3726 497 3777 ct
511 3720 627 3778 immota
643 3737 742 3779 secum
758 3719 864 3779 virtute
879 3720 1003 3796 fatiscit,
1016 3741 1018 3746 ·
1101 3750 1105 3759 ·
