3050 4484
292 422 334 489 84
614 434 742 483 n.1on.
765 419 954 483 novennem

294 574 371 651 Quid
392 575 500 635 sentire
518 582 601 653 putas
624 570 901 649 omnem-calmae,
924 574 1036 634 recenti
1265 586 1286 640 s

292 660 339 720 De
362 659 477 720 scelere
501 667 530 717 et
549 658 617 719 ildei
639 657 765 717 violatae
788 654 928 717 crimine?
950 656 1003 717 sed
1022 675 1078 717 nec

292 744 363 805 'lam
382 743 491 802 tenuis
499 758 604 803 census
622 740 673 801 tibi
697 742 833 829 contigit,
855 749 887 801 ut
908 741 1064 801 mediocris

292 828 423 889 lacturae
443 836 472 885 te
495 834 607 903 mergat
629 842 716 900 onus,
740 843 796 885 nec
811 842 876 885 rara
898 825 1041 900 videmus,

294 911 376 985 Quae
398 911 522 989 pateris;
546 924 630 969 casus
650 908 745 969 multis
768 909 816 969 bic
838 910 971 986 cognitus
994 926 1029 968 ac
1052 910 1107 968 iam

292 995 389 1055 Tritus
411 1003 440 1054 et
463 994 596 1053 emedio
619 993 752 1053 fortunae
774 993 877 1052 ductus
896 1010 1015 1052 acervo.
1247 1005 1284 1057 lo

292 1078 433 1139 Ponamus
453 1079 556 1138 nimios
577 1078 715 1155 gemitus:
737 1076 907 1153 flagrantior
927 1094 1022 1155 aequo

291 1162 357 1223 Non
379 1162 468 1223 debet
487 1160 571 1221 dolor
593 1178 661 1220 esse
679 1161 750 1236 viri,
774 1179 831 1221 nec
845 1160 966 1220 vnlnere
986 1160 1084 1221 maior.

291 1246 334 1306 'l'u
355 1246 484 1325 quamvis
506 1244 612 1303 levium
631 1245 773 1304 minimam
795 1246 986 1322 exiguamque
1007 1244 1148 1305 malorum
1400 1295 1401 1304 ,

290 1330 464 1391 Particulam
483 1330 532 1387 vix
553 1329 631 1389 ferre
654 1336 757 1405 potes,
780 1328 978 1406 spumantibus
999 1328 1105 1389 ardens
1243 1372 1250 1385 ,
1400 1311 1401 1396 l

291 1410 480 1488 Visceribus,
502 1430 615 1473 sacrum
634 1412 686 1472 tibi
707 1413 785 1491 quod
806 1429 865 1472 non
885 1412 988 1472 reddat
1010 1414 1119 1472 amicus
1246 1423 1280 1475 15

291 1496 475 1575 Depositum.
515 1497 619 1576 Stupet
637 1496 745 1573 baec,
752 1497 801 1576 qui
817 1498 872 1556 iam
891 1504 960 1574 post
979 1505 1063 1573 terga
1085 1495 1202 1575 reliquit

291 1582 450 1657 Sexaginta
472 1594 581 1654 annos,
604 1578 726 1641 Fonteio
750 1580 871 1640 consule
891 1588 989 1639 netas:

292 1663 338 1723 dn
360 1663 459 1723 nibil
451 1683 478 1722 m
501 1664 603 1723 melius
624 1673 667 1725 tot
688 1680 785 1725 rerum
807 1664 923 1742 proficit
942 1659 1018 1723 usu?

291 1746 396 1824 blagna
418 1746 548 1825 quidem,
572 1749 664 1807 saeris
686 1766 760 1825 quae
778 1748 827 1807 det
849 1756 1010 1825 praecepta
1031 1746 1150 1823 libellis,

290 1830 404 1889 Victrix
424 1830 556 1890 samanae
577 1831 732 1909 sapientia;
756 1831 885 1891 ducimus
906 1839 1001 1891 autem
1243 1842 1280 1893 20

291 1914 352 1973 llos
374 1931 490 1993 quoque
512 1913 632 1989 ieliees,
656 1916 703 1993 qui
726 1914 806 1976 lente
826 1915 1008 1975 incommoda
1030 1917 1107 1975 uitae

291 1996 356 2058 Nec
374 1999 482 2058 iactare
502 1998 598 2075 iugum
619 1998 678 2059 vita
699 1998 830 2059 didicere
850 2000 995 2077 magistra.

292 2080 375 2157 Quae
397 2090 455 2141 tam
475 2082 550 2142 festa
573 2082 652 2157 dies,
675 2090 707 2141 nt
727 2091 827 2143 cesset
851 2084 979 2162 prodere
999 2083 1103 2158 furem,

292 2164 460 2241 Perfidiam,
486 2164 621 2241 fraudes,
641 2175 728 2246 atque
750 2168 826 2227 omni
847 2185 885 2227 ex
907 2168 1025 2227 crimine
1048 2168 1158 2228 lucrum

291 2250 461 2323 Quaesitum
479 2258 508 2308 et
531 2257 631 2328 partos
653 2249 751 2327 gladio
773 2250 822 2311 vel
844 2250 952 2329 pyxide
973 2248 1124 2311 nummos?
1242 2260 1278 2313 tt

291 2332 361 2392 Rari
386 2333 494 2411 quippe
517 2332 602 2409 boni,
624 2351 743 2393 numero
763 2336 812 2393 vix
835 2344 899 2394 sunt
919 2336 1040 2395 totidem
1060 2343 1132 2414 quot
1398 2347 1401 2424 ι

238 2436 242 2453 ·
292 2415 455 2475 Thebarum
473 2425 575 2494 portae
597 2417 646 2477 vel
664 2418 760 2477 divitis
782 2420 856 2477 ostia
878 2416 945 2477 Nili.

291 2499 374 2559 Nona
396 2508 478 2561 aetas
500 2502 594 2577 agitur
615 2501 776 2579 peioraque
799 2502 899 2563 meula
920 2502 992 2561 ferri

291 2583 499 2662 Temporibus,
522 2602 643 2661 quorum
664 2585 773 2645 sceleri
795 2604 852 2645 non
869 2586 978 2645 invenit
1000 2586 1063 2663 ipsa

290 2666 403 2727 Nomen
425 2676 454 2727 et
475 2686 491 2726 a
510 2668 590 2727 nullo
609 2669 706 2746 posuit
719 2677 820 2729 natura
838 2669 971 2736 metallo;
1244 2678 1280 2730 30

290 2749 352 2809 Nos
373 2749 516 2809 bominum
538 2751 691 2829 divumque
713 2752 799 2811 fidem
822 2752 949 2813 clamore
974 2754 1094 2827 ciemus,

292 2833 406 2907 Quanto
427 2830 590 2895 Faesidium
613 2835 710 2895 laudat
726 2835 839 2897 vocalis
857 2844 992 2915 agentem

292 2918 439 2997 Sportula.
479 2918 550 2995 Die,
572 2920 670 2979 senior
691 2919 770 2980 bulla
792 2921 979 2999 dignissime,
1001 2921 1109 2996 nescis,
1162 2959 1166 2968 ,

176 3024 180 3034 ’
292 3001 371 3075 Quas
393 3000 500 3063 habeat
518 3022 644 3064 veneres
667 3002 761 3065 aliena
782 3000 928 3083 pecunia?
949 3007 1057 3081 nescis,

292 3085 453 3159 Quemtua
476 3088 645 3165 simplicitas
667 3089 754 3148 risum
775 3089 865 3167 vulgo
887 3098 1018 3163 moveat,
1042 3106 1127 3167 quum
1241 3097 1278 3151 35

291 3167 393 3248 Exigis
413 3189 429 3231 a
453 3188 612 3250 quoquam,
636 3189 672 3231 ne
694 3174 810 3251 peieret
828 3182 857 3232 et
876 3182 958 3251 putet
978 3172 1045 3232 ullis

291 3252 367 3313 Esse
388 3254 505 3333 aliquod
528 3273 632 3315 numen
652 3258 769 3337 templis
791 3274 919 3335 araeque
940 3253 1075 3317 rubenti?

291 3337 443 3410 Quondam
465 3339 523 3399 boc
544 3340 697 3417 indigenae
719 3340 856 3401 vivebant
877 3357 977 3418 more,
997 3342 1162 3419 priusquam

291 3422 427 3481 Sumeret
444 3432 591 3500 agrestem
611 3425 707 3502 posito
726 3424 888 3484 diademate
908 3423 1015 3484 isicem

291 3505 431 3565 Saturnus
453 3507 584 3584 fugiens,
608 3518 691 3582 tunc,
715 3526 800 3586 quum
821 3508 990 3585 virguncula
1012 3508 1083 3570 luno
1242 3517 1280 3571 40

233 3639 235 3644 .
291 3584 330 3646 llt
351 3591 479 3682 privatus
502 3590 595 3652 adbuc
618 3590 711 3651 ldaeis
734 3590 865 3670 luppiter
887 3594 994 3668 antris,

291 3666 379 3731 Nulla
401 3691 490 3751 super
511 3674 603 3735 nubes
625 3675 756 3734 corrvivia
778 3675 996 3752 coelicolarum,
