3050 4484
632 474 839 522 Ponendum.
1142 475 1220 524 xm

222 619 325 676 ,horum
342 619 437 674 fraudes
454 618 532 690 lepida
549 619 733 690 ampliticat'one
758 622 912 691 persequitur
926 619 967 685 (a.
979 621 1148 689 tte-2130).
1182 621 1219 675 nd

235 705 314 774 ipsius
325 711 405 757 tamen
416 703 580 774 philosophiae
591 710 716 773 praecepta
727 705 825 772 propius
843 704 898 757 libri
912 703 990 775 qmnti
1006 704 1078 757 satira
1094 704 1166 758 tertio
1176 704 1218 759 de·
1300 703 1303 709 '

235 788 301 843 cisto
312 789 381 853 redit,
390 782 455 857 'quae
465 803 538 858 quum
556 787 678 842 aFouteio
690 788 790 841 consule
799 788 927 859 sexaginta
943 795 1018 841 annos
1033 793 1151 853 numeret,
1163 802 1184 842 a.
1192 803 1216 857 p.

237 869 296 926 Cirr.
310 875 360 929 119
372 886 386 924 a
397 871 507 926 iuvenale
524 870 579 926 lere
595 872 780 942 septuagenario
797 873 886 941 scripta
897 876 949 931 ests
966 885 1039 924 senex
1049 871 1218 941 igitursenem

236 955 343 1010 amioum
355 953 495 1018 Calvinum,
513 956 554 1026 qui
569 956 653 1009 decem
669 956 778 1008 sestertia
788 955 875 1010 violata
889 953 937 1007 lide
946 954 1033 1008 emisa
1042 954 1147 1024 graviter
1156 954 1219 1010 lere·

235 1038 324 1102 batis.
335 1039 447 1107 1—18)‚
459 1040 493 1093 ita
503 1040 542 1094 vel
552 1038 703 1109 reprehendit
708 1039 746 1092 vel
758 1039 902 1103 consolatur,
914 1043 942 1091 ut
951 1038 1055 1106 primum
1065 1052 1220 1093 communem

236 1121 315 1176 seculi
325 1123 465 1191 pravitatem
476 1122 605 1194 recogitari
617 1122 710 1188 iubeat,
728 1123 754 1176 iu
771 1139 817 1193 qua
833 1122 892 1177 lidos
909 1122 989 1190 potius
999 1136 1043 1190 pro
1054 1121 1166 1192 prodigio
1176 1121 1218 1176 ba-

238 1204 320 1259 benda
337 1207 368 1259 sit
380 1206 414 1270 (ιι
424 1201 461 1263 '19
471 1234 506 1245 —
516 1210 578 1275 70),
596 1206 793 1286 tumpeeuliarss
802 1205 900 1276 periurii
910 1219 994 1260 causas
1003 1203 1109 1258 Platonis
1122 1204 1217 1276 Legum

237 1289 327 1343 librum
336 1289 456 1354 decimum
466 1297 564 1344 secutus
574 1304 605 1344 en
615 1291 694 1360 impiis
703 1291 772 1362 vulgi
783 1288 935 1358 opinionibus
944 1288 1050 1358 falsaque
1057 1288 1157 1342 deorum
1168 1288 1218 1342 exi·

198 1436 205 1456 ,
239 1372 377 1426 stimatione
388 1379 479 1440 repetat
497 1375 533 1439 (v.
544 1377 711 1443 71-119);
733 1373 820 1428 deinde
836 1389 893 1427 vero
903 1386 934 1426 ne
948 1371 1111 1441 philosophiae
1120 1372 1217 1442 quidem

240 1455 333 1512 solatiis
344 1468 417 1525 egere
428 1455 502 1516 dieat.
524 1457 564 1527 qni
575 1457 681 1527 qnotidie
692 1458 780 1512 maiora
791 1457 883 1513 seelera
893 1461 918 1510 et
927 1456 1046 1510 committi
1055 1461 1081 1509 et
1094 1455 1172 1524 puniri
1182 1456 1218 1509 vi·

240 1538 297 1592 deat
308 1538 343 1604 (v.
356 1543 454 1594 120-
462 1543 538 1608 177),
551 1555 597 1596 nee
606 1541 626 1594 si
636 1542 740 1596 maxime
753 1540 882 1596 humanam
892 1538 1021 1594 vindictam
1031 1540 1147 1594 scelestus
1158 1537 1219 1592 ellu-

240 1622 301 1694 giat‚
314 1622 473 1676 eonscientiae
484 1624 604 1682 eruciatus
614 1626 696 1679 esitari
706 1639 778 1694 posse
788 1630 885 1678 moneat
895 1623 931 1687 (ιι.
940 1626 991 1681 178
1000 1650 1036 1660 -
1044 1625 1124 1692 185»
1134 1636 1219 1693 qnam·

241 1720 313 1776 quam
328 1721 359 1760 ne
376 1707 411 1760 sle
428 1707 524 1777 quidem
537 1723 605 1778 spem
616 1708 704 1778 deponi
714 1709 767 1762 vult
780 1709 843 1772 lore,
855 1714 882 1762 ut
896 1706 961 1761 idem
970 1706 1034 1760 velut
1046 1706 1219 1761 consuetudine

240 1789 356 1859 peccandi
372 1789 503 1860 implicitus
520 1791 645 1862 aliquando
661 1793 733 1846 etiam
743 1793 812 1846 vivus
822 1793 847 1846 in
858 1793 934 1846 iustae
945 1804 1037 1859 poenae
1046 1789 1145 1860 laqueos
1159 1791 1219 1844 inei·

241 1872 281 1926 dat
304 1873 339 1938 (r.
358 1878 541 1943 teo—249).
568 1873 753 1946 Elegantissime
775 1891 847 1945 porro
868 1874 999 1944 mdemqne
1020 1874 1161 1945 gravissima
1181 1879 1220 1928 est

240 1965 328 2028 quomo
338 1957 443 2018 demine.
454 1973 514 2028 quae
525 1975 539 2013 a
549 1959 619 2013 malis
629 1966 755 2028 parentum
766 1959 881 2029 exemplis
891 1957 1006 2027 prolecta,
1018 1956 1105 2027 quibus
1115 1957 1219 2010 minores

240 2056 315 2109 quum
331 2041 361 2095 ad
377 2041 423 2096 elia
440 2042 496 2096 vitia
513 2042 549 2108 (v.
562 2049 576 2099 1
589 2069 623 2080 -
634 2046 699 2110 106)
719 2049 772 2096 tum
788 2043 817 2097 ad
831 2042 953 2097 arandam
963 2041 1129 2106 instituantur,
1148 2039 1219 2094 buius

241 2123 316 2192 ipsius
328 2123 351 2178 id
362 2125 516 2194 praecipuum
528 2140 580 2180 esse
591 2126 711 2196 queritur,
723 2125 873 2196 quodquam
883 2131 1019 2178 ceterorum
1029 2123 1130 2176 imitatio
1142 2123 1167 2176 iu
1176 2138 1218 2176 vo·

241 2206 333 2262 luntate
349 2206 452 2263 bominis
462 2209 539 2278 posita
549 2210 593 2272 sit,
610 2209 670 2264 haee
680 2209 767 2263 blande
780 2209 874 2263 virtutis
884 2207 964 2277 speeie
974 2207 1012 2261 vel
1023 2207 1110 2260 insitos
1119 2205 1219 2275 abm'piat

241 2289 278 2356 (v.
291 2294 341 2348 107
352 2317 389 2328 -·
399 2295 475 2359 111),
494 2292 598 2362 dunque
612 2293 770 2361 parsimoniae
785 2307 814 2345 ac
825 2290 969 2362 frugalitatis
985 2284 1082 2344 nomine
1099 2288 1218 2342 atrocissi-

242 2388 294 2428 mas
311 2373 409 2426 iniurias
427 2374 580 2442 commendet
597 2375 830 2442 (1.113-209),
849 2366 944 2428 adultos
954 2379 1080 2441 praecepta
1090 2386 1104 2424 a
1115 2372 1219 2440 parenti-

142 2462 145 2477 '
235 2458 287 2512 'bus
299 2463 395 2524 accepta
407 2456 545 2511 contrahes
555 2457 620 2526 ipsos
630 2465 722 2510 vertere
734 2457 820 2512 doceat
830 2457 867 2522 (v.
881 2458 1056 2524 ale—mom
1068 2455 1151 2509 eadem
1161 2471 1218 2509 aero

242 2547 316 2612 negat
326 2540 454 2612 quidquam
466 2539 569 2610 ineptius
584 2541 683 2594 inveniri
692 2555 779 2610 posse,
796 2555 858 2612 quae
868 2539 990 2596 bominem
1001 2538 1137 2609 acqrdrendi
1148 2553 1220 2594 eausa

242 2639 335 2679 sumana
348 2624 482 2679 discrimina
498 2623 563 2680 adire
580 2625 615 2691 (v.
627 2629 680 2683 256
688 2653 729 2664 -
736 2628 802 2693 302)
813 2626 911 2696 ipsaque
920 2623 1033 2694 acquisita
1044 2623 1117 2676 εῖίιιιιι
1129 2623 1220 2677 nidore

243 2723 298 2762 enm
309 2704 469 2764 sollieitudine
480 2709 601 2764 custodire
611 2715 685 2780 cogat
696 2709 731 2775 (v.
744 2711 922 2777 303—314);
938 2721 1016 2778 eoque
1025 2713 1096 2776 paeto
1107 2706 1137 2760 ed
1149 2720 1220 2760 verae

243 2792 387 2863 frugalitatis
401 2791 482 2847 landes
494 2793 632 2858 revertitur,
652 2807 713 2864 qnae
725 2798 753 2846 ut
765 2793 790 2846 iu
800 2792 914 2862 sapientia
925 2806 1019 2846 summa
1029 2791 1073 2854 sit,
1085 2791 1118 2843 ita
1127 2804 1158 2843 ne
1169 2790 1218 2844 lor·

243 2884 314 2930 urnae
326 2876 422 2946 quidem
433 2876 507 2940 donis
521 2877 577 2931 dnm
589 2876 676 2932 modus
685 2882 801 2942 servetur,
813 2875 903 2946 perlrui
912 2880 977 2928 vetet
988 2874 1023 2940 (v.
1035 2879 1086 2932 315
1099 2900 1131 2912 -
1141 2876 1217 2941 831).

244 2958 293 3012 Nec
304 2961 410 3032 primm
426 2960 538 3014 dedmnm
550 2961 659 3025 satiram,
678 2958 786 3030 quamvis
803 2976 817 3014 a
832 2959 916 3014 latiore
931 2958 1044 3012 vitiorum
1059 2956 1220 3010 humanorum

231 3055 328 3112 ‘campo
346 3044 375 3098 ad
396 3044 541 3114 peculiarem
560 3043 674 3098 barbarae
692 3044 847 3098 immanitatis
866 3042 1048 3097 insectationem
1071 3039 1217 3105 translatam

245 3121 360 3180 luvenalis
372 3134 414 3181 aut
424 3128 521 3198 iugenio
533 3134 574 3182 aut
590 3134 640 3181 arte
651 3127 775 3199 indignam
784 3142 838 3182 esse
848 3133 873 3180 et
886 3125 972 3195 ipsein
983 3122 1098 3180 Zeitsobr.
1111 3124 1130 3177 f.
1143 3123 1166 3179 d.
1179 3123 1219 3176 nl·

245 3207 315 3262 leeth.
329 3214 408 3272 1843.
421 3226 445 3280 p.
456 3215 491 3269 74
511 3228 564 3282 sqq.
576 3210 684 3282 pluribus
700 3211 796 3266 delendi
812 3217 837 3264 et
852 3211 879 3264 d.
890 3209 918 3265 L.
935 3207 1058 3263 lldllenius
1075 3207 1186 3261 inlleitr.
1197 3222 1219 3259 z.

245 3289 322 3345 llritilr
339 3307 361 3345 u.
376 3291 442 3347 Erll.
454 3294 479 3349 d.
490 3295 595 3360 Juvenal,
616 3294 684 3350 lliew
696 3299 773 3354 1846.
785 3299 816 3358 8.
824 3310 851 3364 p.
863 3295 913 3352 217
925 3308 977 3364 eqo.
994 3297 1105 3346 accurata
1115 3291 1221 3358 disputa-

245 3375 311 3430 tione
322 3373 482 3438 confirmavit:
494 3395 564 3450 quam
575 3380 616 3450 qui
626 3381 650 3432 in
661 3379 835 3434 dubitationem
844 3374 930 3432 vocare
941 3381 1042 3430 conatus
1052 3380 1089 3428 est
1103 3373 1133 3427 C.
1147 3372 1220 3427 Kern·

138 3493 142 3502 -
246 3458 308 3528 plius
324 3455 417 3512 observ.
432 3460 456 3514 in
470 3461 549 3518 lunen.
560 3463 650 3534 aliquot
660 3462 740 3527 locos,
752 3461 830 3517 Rerol.
845 3465 922 3520 1843.
932 3466 958 3523 8,
967 3463 1033 3529 nde
1043 3473 1104 3527 sqq„
1116 3455 1164 3509 hoc
1175 3456 1220 3510 im·

247 3543 328 3613 pn'mis
338 3541 523 3598 animadvertere
534 3546 654 3616 neglexit,
667 3545 779 3601 Hadriani
789 3551 879 3610 aetate,
895 3557 956 3615 quae
967 3541 1081 3595 ascititias
1091 3539 1221 3610 religiones

247 3627 321 3680 multo
333 3625 407 3694 pluris
416 3640 488 3696 ῳιιιιι
497 3629 584 3695 patrias
594 3629 709 3695 faciebas,
727 3630 800 3682 etiam
811 3627 951 3698 peregrinae
961 3623 1136 3693 superstitionis
1145 3622 1222 3676 foedi·

247 3715 327 3774 ann,
339 3709 415 3780 qualis
425 3708 464 3764 bic
475 3711 564 3766 recenti
574 3711 676 3766 duorum
683 3712 787 3783 Aegypti
798 3711 940 3781 oppidorum
947 3707 1058 3776 exemplo
1069 3706 1218 3768 describitur,

248 3791 368 3848 llomanae
379 3793 465 3850 satirae
476 3795 552 3852 lacem
564 3795 669 3850 excitare
678 3796 794 3866 potuisse.
820 3794 933 3850 Unnmet
948 3789 1223 3846 iu'lldlleniietinmea
1262 3849 1268 3862 .

289 3892 343 3933 rev.
361 3893 422 3932 sar.
999 3874 1015 3929 b
