3050 4484
625 457 749 514 annana
771 463 820 509 nn.
1048 509 1050 513 ,
1194 446 1236 510 09

247 609 349 682 Dicet,
373 606 436 684 quis
454 605 571 665 viduam
595 613 785 684 praegnatem
809 602 915 662 lecerit
936 608 967 660 et
989 607 1047 679 quo
1168 605 1234 662 400

248 692 363 758 blense;
386 689 489 769 quihus
513 687 610 748 verbis
629 687 802 748 concumbat
823 703 974 766 quaeque,
997 682 1091 743 modis
1110 691 1192 762 quot

246 776 402 838 Instantem
423 774 487 850 regi
510 771 648 832 Armenio
671 771 837 849 Parthoque
859 778 993 829 cometen

211 869 213 874 ’
248 860 341 919 Prima
363 857 457 930 videt;
480 856 585 916 lamam
606 872 797 932 rumoresque
818 854 870 914 illa
892 861 1027 913 recantas

248 942 364 1020 Excipit
387 941 424 1000 ad
448 950 566 1020 portas,
589 939 730 1018 quosdam
752 938 837 1007 facin
858 939 917 996 issa
939 935 1083 1014 Niphaten

247 1025 280 1086 ln
305 1025 432 1104 populos
453 1041 616 1102 magnoque
638 1023 700 1085 illio
722 1026 826 1082 cuneta
848 1039 917 1082 arva
937 1021 1031 1079 teneri
1184 1028 1236 1081 410

246 1109 381 1184 Diluvio,
408 1116 509 1168 nutare
533 1107 638 1182 urbes,
663 1107 817 1167 subsidere
838 1115 944 1180 terras,

248 1193 439 1271 Quocumque
460 1192 489 1250 10
510 1191 613 1266 trivio,
636 1193 808 1269 cuicumque
832 1197 879 1249 est
901 1187 1005 1263 obvia,
1031 1194 1137 1247 narrat.

290 1274 354 1336 Neo
376 1284 472 1335 tamen
492 1275 520 1334 id
540 1235 638 1334 vitirlm
660 1276 753 1350 magis
773 1271 975 1349 intolerabile,
998 1289 1086 1350 qnam
1106 1287 1181 1349 quae

247 1361 368 1420 Vicinos
390 1358 513 1438 humiles
533 1375 639 1436 rapere
664 1366 693 1418 et
717 1359 875 1418 concidere
896 1357 969 1417 loris
1013 1422 1016 1426 .

247 1442 377 1504 Exorata
400 1441 486 1503 solet.
518 1440 590 1504 Nam
613 1442 638 1500 si
660 1441 812 1502 latratibus
832 1441 883 1501 alti
1186 1446 1237 1501 415

249 1526 428 1605 Rumpuntur
450 1525 560 1600 somni,
583 1525 676 1588 rustes
698 1525 755 1584 huc
778 1526 876 1600 ocius,
899 1523 1000 1601 inquit,

248 1610 377 1685 Adeste,
401 1619 489 1688 atque
508 1571 567 1669 tttt's
586 1609 729 1670 dominnm
749 1608 831 1669 iubat
853 1615 920 1668 ante
941 1607 1034 1681 feriri,

247 1693 362 1754 Deinde
386 1711 498 1756 canem.
533 1691 636 1754 Gravis
659 1709 801 1769 occursu,
827 1693 976 1752 teterrima
998 1690 1079 1750 vultu

247 1759 355 1837 Balnea
376 1786 463 1837 nocte
485 1775 575 1845 suhit;
600 1776 728 1837 conchas
750 1785 782 1836 et
803 1785 898 1836 castra
920 1775 1032 1834 moveri

248 1861 344 1920 Nocte
367 1861 460 1929 iubet;
483 1877 588 1938 magno
611 1861 720 1937 gaudet
742 1860 848 1921 sudare
870 1859 1000 1934 tumultu,
1186 1865 1239 1920 400

251 1943 344 2017 Quum
362 1944 494 2005 lassata
495 1946 579 2022 gravi
603 1944 773 2005 ceciderunt
792 1943 912 2005 brachia
933 1961 1039 2018 massa,

249 2025 378 2090 Callidus
402 2037 431 2088 et
455 2029 561 2088 cristae
585 2027 692 2104 digitos
715 2029 863 2105 impressit
886 2026 992 2104 aliptes

249 2112 294 2172 Ao
316 2129 454 2172 summum
477 2110 608 2172 dominae
631 2111 725 2170 femur
747 2111 912 2172 exclamare
933 2111 1041 2186 coegit.

249 2193 399 2256 Convivae
421 2196 520 2254 miseri
543 2195 654 2264 interea
678 2211 839 2272 somnoque
861 2194 995 2271 fameque

247 2277 409 2356 Urgentur;
437 2277 553 2338 tandem
572 2278 621 2338 illa
644 2280 723 2338 venit
744 2277 949 2351 mbioundula,
969 2285 1060 2336 totum
1187 2283 1238 2338 410

249 2361 457 2440 Oenophorum
480 2363 599 2436 sitiens,
626 2361 714 2440 plena
738 2363 817 2440 quod
839 2361 965 2420 tenditur
984 2379 1055 2420 urna

248 2443 402 2506 Admotum
426 2444 565 2523 pedibus,
588 2444 624 2504 de
647 2463 704 2523 quo
727 2447 872 2505 sextarius
894 2444 969 2504 alter

248 2529 370 2589 Ducitur
395 2535 461 2588 ante
484 2528 594 2605 cibum,
617 2529 746 2590 rabidam
767 2530 896 2590 iacturas
919 2529 1041 2605 orexim,

248 2612 323 2670 Dum
345 2612 420 2674 redit
444 2622 473 2672 et
495 2613 556 2674 loto
579 2621 685 2673 terram
706 2613 774 2674 ierit
795 2614 942 2674 intestino.

248 2694 441 2756 Marmoribus
464 2697 518 2756 rivi
542 2707 717 2776 properant,
739 2705 839 2758 aurata
854 2696 1017 2758 ‘Falernum
1186 2705 1239 2760 400

249 2777 347 2838 Pelvis
372 2779 448 2847 olet;
475 2798 539 2844 nam
562 2782 620 2855 sic,
645 2782 867 2859 tamquam'alta
889 2783 917 2840 in
940 2781 1018 2841 dolia
1036 2780 1142 2857 longus
1189 2837 1193 2843 .

249 2859 402 2938 Deciderit
423 2881 561 2942 serpens,
587 2864 659 2924 bibit
681 2875 710 2924 et
731 2867 830 2925 vomit.
865 2864 946 2942 Ergo
968 2865 1086 2924 maritus

248 2943 378 3006 Nauseat
400 2955 485 3025 atque
510 2947 603 3010 oculis
624 2947 713 3008 bilem
736 2949 906 3025 substringit
926 2949 1047 3026 opertis.

292 3028 346 3090 1110
365 3039 461 3090 tamen
479 3032 614 3108 gravior,
638 3050 729 3110 quae,
752 3051 838 3110 quum
859 3031 1044 3092 discumbere
1067 3033 1175 3110 coepit,

248 3111 359 3174 Laudat
378 3113 556 3191 Vergilium,
580 3116 725 3194 periturae
748 3118 875 3193 ignoscit
892 3113 1020 3191 Elissae,
1185 3119 1235 3175 435

249 3195 408 3256 committit
429 3207 511 3258 uates
536 3207 573 3258 01
587 3209 750 3278 comparat;
773 3200 841 3260 inde
863 3198 1013 3260 Maronem
1095 3223 1104 3229 ’

248 3280 347 3358 Atque
372 3279 429 3342 alia
450 3283 583 3359 partem
604 3285 707 3342 trutina
732 3284 883 3362 suspendit
906 3283 1071 3344 Homerum.
1115 3325 1122 3334 .

250 3361 364 3426 Cedunt
385 3367 581 3442 grammatici,
605 3367 756 3426 vincuntur
777 3367 928 3443 rhetores,
957 3369 1048 3430 omnis

248 3427 458 3516 turbatorem
481 3466 537 3508 nec
561 3449 742 3526 causidicus,
767 3470 824 3511 nec
848 3469 960 3530 praeco
986 3452 1132 3550 loquetur,

247 3529 350 3591 Altera
372 3548 428 3592 nec
451 3532 569 3593 mulier:
596 3495 752 3594 verborurlr
772 3545 851 3596 tanta
875 3536 952 3596 cadit
973 3537 1032 3602 ris;
1185 3537 1239 3595 440

247 3613 304 3673 Tot
323 3617 434 3694 pariter
460 3615 564 3694 pelves
586 3635 621 3678 ac
642 3619 830 3680 tintinnabula
851 3620 932 3680 dicas

245 3696 368 3759 Pulsari.
406 3699 467 3762 lam
492 3717 577 3760 nemo
597 3699 697 3780 tubas,
722 3721 807 3765 nemo
833 3721 903 3764 aera
927 3702 1043 3780 fatigem
