3050 4484
605 433 941 508 o.1uu.1uvnuuu1s

528 694 530 698 ’
614 694 848 761 SATIRA
888 693 933 758 Π.

282 813 370 910 Ultra
390 845 573 903 Sauromatas
595 840 699 916 lugere
722 841 789 900 hinc
810 840 882 900 libet
903 847 933 898 et
953 836 1108 915 glacialem
1178 871 1196 906 ·.

284 932 447 1004 Oceanum,
470 927 583 1006 quoties
606 925 713 1003 aliquid
734 927 771 984 de
791 924 918 984 moribus
936 924 1062 996 audent,
1107 925 1116 936 ‘

229 1032 231 1037 ’
283 1015 339 1089 Qui
360 1009 462 1072 Curios
484 1009 616 1070 simulant
638 1019 667 1068 et
688 1009 879 1068 Bacchanalia
900 1009 1006 1066 vivunt.

281 1098 393 1158 indocti
417 1096 550 1173 primnm;
575 1111 743 1172 quamquam
767 1093 853 1170 plena
875 1093 969 1152 omnia
989 1107 1086 1168 gypso

279 1180 440 1258 xChrysippi
463 1179 606 1244 iuvenias;
628 1195 691 1236 uam
711 1175 940 1254 perfectissimus
962 1175 1063 1234 horum
1081 1181 1143 1250 cst,
1249 1185 1267 1238 s

284 1269 314 1326 Si
332 1266 395 1344 quis
418 1261 598 1338 Aristotelen
627 1260 749 1320 similem
770 1259 819 1320 vel
840 1259 970 1318 Pittacon
991 1258 1074 1332 emit,

283 1348 321 1408 Et
339 1348 419 1407 iubet
440 1345 616 1423 archetypos
638 1345 765 1422 pluteum
787 1348 906 1404 servare
929 1340 1094 1402 Cleanthas.

283 1432 398 1492 Frontis
422 1429 499 1490 nulla
519 1427 608 1496 indes:
630 1430 694 1506 quis
716 1429 792 1488 euim
811 1444 868 1487 non
889 1427 971 1486 vicus
992 1423 1117 1485 abundat

284 1515 425 1576 Tristibus
447 1509 606 1574 obscenis?
636 1514 761 1588 castigas
783 1513 891 1590 turpia,
914 1528 999 1589 quum
1020 1510 1062 1568 sis

283 1600 361 1660 luter
384 1599 551 1658 Socraticos
571 1598 719 1658 notissima
742 1597 822 1655 fossa
845 1595 993 1654 cinaedos.
1232 1603 1267 1654 10

282 1682 402 1760 Hispida
423 1680 550 1740 membra
574 1681 687 1758 quidem
712 1690 740 1738 et
762 1680 851 1740 durae
871 1695 925 1755 per
945 1675 1064 1736 brachia
1084 1683 1165 1736 setae

283 1766 451 1826 Promittant
474 1772 603 1824 atrocem
625 1763 761 1830 animum;
785 1762 838 1822 sed
859 1761 965 1839 podice
984 1759 1043 1818 levi

285 1847 450 1908 Caeduntur
469 1847 593 1908 tumidae
612 1847 730 1907 'medico
754 1845 866 1905 ridente
888 1845 1040 1904 mariscae.

199 1922 207 1938 ⁴
282 1933 376 1992 Rarus
395 1949 490 1990 sermo
513 1931 622 2001 illis-et
641 1947 743 2006 magna
766 1929 856 1989 libido
878 1928 993 1988 tacendi
1025 1968 1030 1976 -

278 2017 379 2094 ,Atque
400 2014 557 2092 supercilio
580 2013 698 2073 brevior
721 2031 813 2073 coma.
844 2013 949 2072 Verius
972 2029 1071 2087 ergo>
1234 2018 1268 2072 15

283 2099 320 2159 Et
341 2101 432 2176 magis
454 2100 579 2174 ingenue
601 2096 797 2164 Peribomius;
820 2097 895 2156 hunc
918 2113 974 2170 ego
996 2095 1063 2154 fatis

282 2184 411 2260 Imputo,
432 2184 479 2260 qui
500 2182 579 2240 vultu
601 2179 730 2242 morbum
750 2182 924 2258 incessuque
944 2179 1059 2238 latetur.

283 2267 391 2326 Horum
412 2266 580 2344 simplicitas
602 2264 793 2338 miserabilis,
813 2263 858 2323 his
880 2263 960 2322 iuror
979 2264 1043 2340 ipsc

283 2350 340 2410 Dat
360 2351 486 2418 veniam;
509 2349 561 2408 sed
583 2350 718 2428 peiores,
742 2349 790 2427 qui
811 2347 879 2418 talia
900 2346 1001 2406 verbis

283 2433 419 2493 Herculis
442 2434 576 2494 invadunt
599 2442 628 2492 et
651 2433 686 2492 de
707 2433 812 2492 virtute
834 2431 924 2492 locuti
1185 2464 1188 2466 ·
1231 2438 1269 2491 20

285 2515 405 2576 Cluuem
428 2519 544 2592 agitant.
574 2516 639 2592 Ego
661 2526 690 2576 te
714 2525 883 2590 cevcutem,
908 2516 1016 2591 Sexte,
1037 2508 1184 2574 verebor?

284 2601 399 2659 lulamis
420 2599 548 2658 Varillus
570 2602 623 2666 ait;
647 2615 704 2676 quo
727 2599 857 2660 deterior
879 2595 931 2657 te?
1084 2663 1088 2679 Ι

282 2683 459 2760 loripedem
479 2692 576 2742 rectus
600 2682 746 2758 derideat,
770 2682 946 2760 Aethiopem
967 2681 1065 2742 albus:

249 2798 254 2808 ι
285 2767 356 2839 Quis
379 2765 478 2824 tulerit
498 2765 647 2826 Gracchos
669 2766 706 2826 de
729 2765 872 2826 seditione
896 2762 1077 2844 querentes?

284 2850 356 2922 Quis
380 2849 493 2908 coelum
513 2851 598 2908 terris
619 2867 676 2910 uon
696 2851 816 2910 misceat
838 2859 867 2908 et
888 2869 967 2910 mare
990 2849 1093 2924 coelo,
1235 2855 1270 2908 25

286 2935 316 2991 Si
337 2935 383 2992 lur
401 2933 554 3010 displiceat
574 2933 675 3008 Verri,
694 2931 842 2995 homicida
864 2933 979 3008 Miloni,

286 3013 405 3076 Clodius
429 3026 548 3076 accuset
570 3017 728 3092 moechos,
753 3015 875 3077 Cat-ilina
898 3015 1076 3092 Cethegum,

283 3101 316 3160 ln
338 3099 463 3158 tabulam
484 3101 583 3160 Sullae
605 3103 630 3160 si
653 3102 747 3160 dicant
767 3102 901 3179 discipuli
923 3097 1005 3160 tres?

286 3183 386 3256 Qualis
409 3193 471 3242 erat
493 3203 585 3262 nuper
607 3187 719 3262 tragico
742 3185 869 3263 pollutus
891 3185 1004 3244 adulter
1085 3221 1089 3226 =

288 3265 463 3342 Concubitu,
488 3269 535 3345 qui
556 3277 623 3328 tuuc
645 3269 729 3344 leges
752 3268 910 3327 revocabat
931 3282 1042 3326 amaras
1236 3273 1272 3325 30

285 3349 423 3410 Omnibus
448 3360 533 3428 atque
556 3353 627 3430 ipsis
648 3351 757 3412 Veneri
777 3353 917 3428 Martique
940 3349 1099 3425 timendas,

286 3433 378 3506 Quum
398 3443 440 3494 tot
462 3433 601 3496 abortivis
619 3436 772 3496 fecundam
792 3435 863 3494 lulla
884 3433 997 3492 vulvam

287 3518 424 3578 Solveret
443 3527 473 3577 et
495 3527 596 3597 patruo
619 3519 728 3578 slmiles
749 3517 910 3578 effunderet
932 3517 1015 3577 olias.

285 3599 387 3659 Nonne
410 3601 495 3678 igitur
517 3603 579 3660 iure
602 3620 636 3661 ac
658 3603 760 3661 merito
781 3602 850 3661 vitia
872 3601 968 3660 ultima
991 3601 1075 3660 [ictos

284 3681 477 3744 Contemnunt
499 3686 624 3746 Scauros
647 3693 675 3744 et
696 3687 836 3762 castigata
853 3681 1040 3746 remordent?
1236 3689 1272 3742 35
1382 3765 1385 3772 ἱ
