3050 4484
581 467 584 479 ¹
619 480 743 553 suumn
764 505 841 551 xm.
1186 488 1228 552 89

252 642 402 704 Occultum
425 644 570 721 quatiente
593 643 687 703 animo
709 651 821 703 tortore
844 640 1012 718 flagellum?
1110 660 1113 664 ¹
1176 653 1227 709 195

251 728 347 788 Poena
367 735 462 790 autam
483 724 640 791 vehemens
661 745 695 787 ae
722 727 812 786 mnito
834 726 1043 800 saevionillis,

251 809 330 883 Quas
352 818 380 869 et
401 808 552 870 Caedicius
575 812 672 886 gravis
698 811 806 870 invenit
827 819 857 869 ct
877 808 1117 885 Rhadamanthus,

219 941 221 953 ,
249 894 343 954 Nocte
367 894 472 972 dieque
493 911 575 953 suum
595 902 714 969 gestare
734 895 761 953 in
783 888 904 972 pectore
926 902 1039 953 testem.
1229 891 1231 900 ’

251 979 393 1056 Spartano
416 978 528 1037 cuidam
552 978 703 1055 respondit
722 976 823 1053 Pythia
845 987 938 1051 vates,

248 1060 330 1121 Haud
352 1062 516 1139 impunitum
539 1062 681 1139 quondam
699 1061 779 1137 iore,
802 1062 880 1139 quod
901 1060 1045 1121 dubitaret
1175 1072 1229 1125 ιω

248 1144 420 1222 Depositum
442 1145 569 1203 retinere
592 1153 621 1203 et
643 1146 773 1206 fraudem
794 1146 856 1224 iurp
879 1147 955 1204 tueri

249 1228 385 1295 lurando;
408 1226 566 1305 quaerebat
589 1228 678 1301 enim,
697 1246 778 1306 <quae
800 1230 919 1288 numinis
942 1236 1022 1287 esset

249 1310 349 1384 Mens,
374 1320 402 1369 et
424 1328 460 1370 an
478 1308 536 1369 hoo
557 1310 599 1371 iili
622 1311 732 1371 facinus
755 1312 890 1371 suaderet
911 1308 1042 1389 Apollo?

232 1392 384 1453 ‘Reddidit
407 1403 592 1471 nugonem,
621 1412 678 1455 non
701 1395 841 1463 morinum
864 1404 1009 1454 ettamen
1030 1411 1144 1455 omnem

223 1545 229 1557 Ι
248 1476 360 1537 Vocem
381 1478 458 1553 adyti
481 1478 594 1554 dignam
616 1478 724 1557 templo
746 1496 904 1556 veramque
926 1477 1070 1556 probauit,
1169 1488 1226 1542 ⁴205

248 1559 415 1621 Exstinctus
438 1570 497 1620 tota
521 1564 629 1640 pariter
647 1580 709 1625 oum
732 1561 817 1641 prole
838 1562 983 1640 domoque

247 1642 286 1703 Et
309 1646 437 1722 quamvis
460 1645 547 1721 longa
569 1645 700 1706 deductis
724 1654 814 1723 gente
837 1646 1015 1723 propinquis.

247 1725 306 1787 Has
325 1729 430 1805 patitur
453 1744 563 1807 poenas
587 1729 728 1808 peccandi
746 1729 816 1807 sola
837 1729 987 1795 volantum

247 1808 319 1869 Nam
341 1810 439 1871 scelus
461 1814 535 1871 intra
556 1830 589 1871 se
615 1813 729 1873 tacitum
752 1814 801 1890 qui
822 1814 932 1889 cogitat
952 1812 1052 1886 ullum,

247 1892 328 1953 Facti
350 1897 458 1955 crimen
480 1894 582 1955 habet:
610 1896 700 1971 cedo,
724 1896 748 1955 si
772 1904 875 1955 conata
898 1895 1026 1973 peregit!
1173 1906 1226 1959 tlt)

247 1974 390 2055 Penpetua
409 1980 539 2039 anxietas
561 1996 617 2041 nec
638 1997 754 2039 mensae
775 1988 908 2056 tempore
929 1988 1037 2053 cessat,

247 2059 390 2119 Faucibus
411 2071 443 2121 ut
464 2062 564 2121 morbo
587 2063 673 2121 siccis
698 2064 829 2139 interque
852 2062 980 2122 molares

246 2142 365 2203 Difficili
388 2154 540 2203 crescente
562 2144 643 2211 ciho;
666 2145 765 2204 Setina
785 2144 917 2204 misellus

246 2225 384 2304 Exspuit‚
409 2227 515 2287 Albani
538 2229 646 2286 veteris
666 2230 795 2305 pretiosa
817 2238 954 2288 senectus

246 2310 404 2388 Displicet;
427 2310 564 2370 ostendas
586 2310 704 2385 melius,
723 2312 896 2381 ,densissima
917 2330 988 2389 ruga
1172 2321 1224 2373 ulo

247 2391 369 2469 Cogitur
390 2396 418 2455 iu
438 2394 578 2468 frontem,
601 2394 681 2453 velut
702 2396 761 2455 acri
784 2395 870 2454 ducta
892 2394 1025 2454 Falerno.

244 2476 340 2536 Nocte
362 2476 480 2537 brevem
502 2479 526 2536 si
549 2476 624 2536 forte
645 2476 762 2537 indulsit
787 2496 856 2539 cura
878 2494 1016 2557 soporem

244 2559 282 2620 Et
307 2568 368 2619 toto
390 2569 505 2621 versata
526 2570 591 2620 toro
613 2562 668 2619 iam
692 2560 819 2621 membra
842 2562 1003 2641 quiescunt,

246 2641 389 2702 Continuo
411 2644 547 2727 templum
569 2652 598 2703 et
618 2643 718 2704 uiolati
740 2646 860 2705 numinis
882 2663 947 2705 aras
1149 2685 1153 2691 -

245 2725 298 2801 Et,
327 2726 403 2804 quod
417 2728 590 2827 praecipuis
615 2738 740 2789 mentem
760 2728 913 2790 sudoribus
934 2739 1028 2828 appot,
1172 2740 1225 2793 Ὧι)

245 2808 288 2869 'ie
313 2810 444 2869 videtin
467 2812 587 2877 somnis:
612 2819 659 2873 tna
680 2830 765 2872 sacra
789 2821 819 2871 et
840 2815 931 2872 maior
952 2816 1047 2891 imago

243 2893 371 2953 Humana
393 2893 490 2955 turbat
509 2894 643 2973 pavidum
665 2898 804 2974 cogitque
824 2896 918 2954 interi.

244 2976 280 3035 Hi
302 2985 382 3052 sunt,
408 2979 457 3055 qui
479 2976 623 3075 trepidant
643 2987 672 3037 et
692 2978 727 3037 ud
748 2980 843 3038 omnia
863 2979 976 3055 tutgura
999 2980 1119 3058 pallent,

245 3058 339 3132 Quum
361 3069 456 3135 tonat,
481 3062 637 3121 exanimes
648 3063 744 3139 primo
768 3078 883 3139 qnoque
903 3080 1044 3122 murmure
1067 3064 1160 3132 coeii3

244 3141 309 3202 Non
312 3146 414 3239 quasi
439 3144 573 3204 fortuitus
594 3162 650 3205 nec
672 3154 822 3205 ventorum
843 3145 941 3222 rabie,
968 3146 1020 3207 sed
1171 3156 1223 3208 tto

243 3208 335 3286 iratus
358 3228 472 3289 cadat
464 3247 492 3287 ιιι
516 3237 610 3289 terras
631 3238 662 3287 et
683 3229 821 3289 iudicet
812 3230 897 3304 ignis.

243 3308 296 3370 lita
319 3310 388 3370 nihil
410 3313 521 3371 nocuit.
546 3330 614 3372 cura
636 3314 773 3391 praviore
795 3313 912 3372 timetur

244 3392 377 3453 Proxima
399 3403 573 3471 tempestas,
598 3396 678 3456 velut
700 3395 757 3457 hoo
777 3396 864 3456 dilata
889 3413 1004 3456 senno.

243 3475 400 3536 Praeterea
423 3478 522 3537 lateris
545 3479 636 3562 vigili.
650 3498 713 3539 num
735 3479 821 3539 febre
843 3480 976 3540 dolorem

243 3558 274 3618 Si
297 3577 425 3639 coepere
447 3564 523 3639 pati,
547 3564 663 3623 missum
685 3564 731 3633 ad
742 3582 794 3624 sua
816 3580 943 3641 corpora
962 3562 1091 3624 morbum
1169 3570 1223 3625 230

242 3640 352 3703 Infesto
375 3644 495 3705 credunt
517 3663 533 3705 a
553 3646 684 3714 numine;
708 3664 778 3709 saxa
799 3649 920 3708 deornm
1015 3680 1019 3696 ι

241 3724 322 3787 Haec
345 3736 374 3787 et
395 3727 453 3788 tela
476 3737 584 3806 putant
618 3728 766 3791 Pecndenc
783 3729 929 3808 spondere
951 3730 1062 3790 sacello
