3050 4484
697 467 821 515 SATIRA
843 467 866 514 1.

271 609 404 687 Antiquis
425 625 479 668 uua
500 607 653 666 comedunt
674 607 844 682 patrimonia
863 623 973 664 mensa.

215 689 219 696 ’
270 692 373 752 Nullus
394 693 448 750 iam
471 691 613 769 parasitus
635 690 699 748 erit.
731 689 791 748 Sed
814 689 878 766 quis
899 688 975 747 ierat
996 687 1067 748 istas

270 776 412 835 Luxuriae
436 771 562 834 sordes?
583 781 687 852 quanta
711 781 756 831 est
778 772 862 848 gula,
884 789 958 849 quae
981 771 1037 830 sibi
1058 782 1136 834 totos

272 859 353 919 Ponit
372 875 477 937 apros,
500 858 603 918 animal
624 865 746 936 propter
767 856 901 914 convivia
919 856 1028 914 natum!

270 943 367 1002 Poena
388 951 483 1001 tamen
504 959 662 1020 praesens,
685 958 771 1019 quum
792 948 821 998 tu
842 939 966 1016 deponis
985 940 1105 1000 amictus

271 1026 411 1103 Turgidus
435 1035 463 1085 et
485 1027 602 1085 crudum
622 1042 765 1103 pavonem
786 1024 815 1082 in
837 1021 941 1083 balnea
958 1029 1067 1099 portas.

269 1109 341 1169 Hinc
365 1109 477 1169 subitae
499 1118 607 1168 mortes
631 1117 716 1186 atque
740 1110 873 1168 intestata
896 1115 1047 1174 senectam
1093 1103 1099 1114 “

270 1191 307 1254 Et
327 1209 402 1253 nova
424 1188 480 1252 neo
502 1193 591 1250 tristis
614 1210 669 1270 per
692 1201 810 1250 cunctas
831 1190 929 1250 fabula
948 1205 1058 1249 coenas

187 1272 190 1278 ’
270 1277 390 1338 Ducitur
410 1277 490 1336 iratis
514 1275 705 1353 plaudendum
727 1276 811 1333 lanus
833 1275 942 1334 amicis.

253 1415 255 1428 ,
279 1393 288 1412 ·
333 1360 380 1420 Nil
403 1361 457 1419 erlt
476 1360 610 1433 ulterius,
632 1359 709 1435 quod
731 1360 838 1418 nostris
860 1357 988 1417 moribus
1006 1355 1092 1418 addat

270 1446 442 1510 Posteritas;
467 1443 569 1502 eadem
587 1442 695 1502 iaoicnt
718 1444 893 1520 cupientque
915 1442 1053 1500 minores.

237 1578 240 1585 .
272 1528 362 1587 Omne
384 1529 412 1586 in
432 1526 586 1605 praecipiti
608 1526 706 1584 vitium
729 1525 822 1591 stetit;
845 1533 928 1583 utere
949 1524 1041 1598 velis,

273 1611 363 1670 Totos
385 1611 478 1689 pande
502 1608 595 1668 sinus!
630 1607 718 1667 Dicas
737 1608 786 1667 iric
808 1608 943 1667 forsitan:
965 1607 1050 1668 Unde

269 1695 416 1771 Ingenium
438 1711 491 1772 par
510 1690 670 1754 materiae?
693 1692 768 1750 unde
790 1691 840 1751 illa
860 1692 988 1769 priorum

271 1777 424 1838 scribendi
447 1777 647 1856 quodcumque
668 1777 760 1835 animo
780 1771 925 1851 'flagrante
946 1774 1054 1834 liberet
1150 1780 1174 1848 s,

271 1861 464 1939 Simplicitas,
487 1861 567 1920 cuins
588 1877 645 1917 non
668 1860 761 1920 audeo
785 1860 884 1918 dicere
906 1856 1035 1918 nomen?
1163 1850 1171 1866 '

272 1945 346 2019 Quid
366 1944 458 2003 refert
479 1944 564 2002 dictis
586 1945 718 2019 ignoscat
738 1942 850 2002 Mucius
873 1961 908 2002 an
925 1940 1005 2002 noni

270 2029 349 2088 Pone
371 2027 559 2103 Tigellinum:
582 2027 668 2086 taeda
691 2027 805 2086 lucebis
826 2027 942 2101 inilia,

271 2111 334 2184 Qua
358 2119 466 2170 stantes
488 2111 606 2184 ardent,
628 2111 676 2188 qni
700 2110 758 2168 lixo
782 2119 905 2188 pectore
927 2111 1051 2185 fumant,

270 2195 307 2254 Et
329 2195 414 2255 latum
436 2194 530 2254 media
553 2195 661 2253 sulcum
686 2193 805 2253 deducis
827 2211 925 2253 arena.
947 2227 990 2238 -

272 2279 327 2352 Qui
349 2278 427 2338 dedit
450 2295 522 2353 ergo
544 2277 634 2335 tribus
656 2278 766 2354 patruis
789 2278 919 2352 aconita,
940 2277 1062 2336 vehatur

191 2395 193 2402 ·
271 2361 433 2420 Pensilibus
458 2361 559 2438 plumis
582 2369 667 2437 atque
690 2359 770 2418 illine
791 2361 936 2437 despiciet
956 2358 1031 2418 uos?
1054 2392 1096 2407 -η

249 2505 251 2513 Α
273 2443 364 2518 Quum
381 2445 480 2503 veniet
503 2453 618 2518 contra,
643 2443 733 2518 digito
757 2459 915 2520 compesce
936 2443 1090 2502 labellum:
1193 2463 1202 2477 ‘

271 2529 435 2587 Accusator
457 2527 511 2586 erit
533 2529 580 2604 qui
603 2525 724 2585 verbum
747 2527 866 2586 dixerit:
891 2526 939 2585 hio
961 2535 1015 2585 est.

272 2612 399 2671 Securus
418 2610 630 2693 licetlrlenean·
658 2609 850 2688 Rutulumque
870 2609 1002 2670 ferocem

272 2692 455 2769 Comminus,
473 2693 543 2752 nulli
564 2695 662 2770 gravis
685 2703 729 2753 est
750 2713 909 2774 percussus
931 2694 1063 2753 Achilles

272 2778 329 2837 Aut
347 2779 463 2838 multum
486 2780 634 2856 quaesitus
655 2775 745 2852 Hylas
768 2795 925 2855 urnamque
947 2787 1078 2843 secutus:

271 2860 350 2921 Ense
369 2863 449 2921 velut
472 2863 572 2920 stricto
592 2862 707 2939 quoties
727 2861 853 2920 Lucilius
876 2862 982 2920 ardens

270 2943 434 3020 infremuit,
457 2945 542 3003 rubet
565 2945 694 3018 auditor,
719 2946 764 3004 cui
786 2945 889 3020 frigida
911 2962 993 3002 mens
1015 2952 1061 3002 est

273 3026 461 3103 Criminibus,
483 3029 571 3088 tacita
594 3028 695 3086 sudant
714 3028 889 3106 praecordia
915 3028 1011 3105 culpa.

271 3109 342 3170 lnde
363 3113 424 3172 irae
448 3120 478 3171 et
500 3111 647 3170 lacrimae.
689 3109 797 3170 Tecum
819 3112 899 3188 p'rius
922 3129 994 3188 ergo
1015 3111 1112 3170 voluta

272 3193 352 3254 llaec
376 3197 469 3254 anime
492 3203 557 3254 ante
577 3193 677 3260 tubas:
700 3194 845 3270 galeatum
868 3213 937 3254 sero
961 3195 1050 3254 duelli

271 3277 413 3338 Poenitet.
430 3275 471 3326 -'-
491 3277 653 3358 Experiar‚
681 3277 748 3357 quid
773 3279 949 3339 concedatur
968 3279 996 3338 in
1020 3278 1105 3354 illos,
1206 3285 1260 3339 llo

274 3361 401 3438 Quorum
422 3359 559 3422 Flaminia
581 3363 688 3438 tegitur
712 3361 784 3421 cinis
805 3370 891 3441 atque
913 3361 1021 3422 Latina.
