3050 4484
311 476 352 541 88
562 550 571 560 ¹
635 487 758 593 ulrum
775 488 960 540 munusue
1033 560 1036 569 Δ

311 630 391 691 llaec
411 638 498 707 quota
520 619 588 707 pars
602 626 771 701 facetorum,
795 644 870 705 qnae
888 635 989 687 custus
1008 625 1136 689 Gallicas
1157 628 1236 689 urbis

160 720 171 727 “
245 787 248 792 ,
311 714 410 791 Usque
432 731 448 773 a
468 712 609 789 lucifero,
633 712 727 771 denec
749 710 799 770 lux
822 712 952 785 aecidat,
974 709 1072 771 munt

311 796 430 857 Humani
451 796 569 875 generis
591 810 688 855 mores
710 794 762 855 tibi
783 808 873 854 nesse
895 794 1005 853 relcuti

311 878 424 940 Sufficit
444 898 500 940 una
521 879 637 947 demum
661 894 772 957 paucos
794 894 932 938 consume
954 878 1033 953 dies,
1060 886 1139 937 ct·
1239 889 1294 945 ιω
1403 865 1405 887 ²

229 965 239 971 ’
311 964 418 1024 Dicere
443 972 472 1024 tc
495 964 646 1038 miserum,
670 972 824 1041 postquam
844 958 924 1021 illinc
944 962 1078 1037 veneria,
1104 962 1187 1021 aude
1300 1038 1303 1041 ἦ
1403 985 1404 988 “

312 1046 382 1121 Quis
404 1047 538 1107 tumidum
560 1054 656 1123 guttur
676 1046 794 1105 miratur
812 1046 841 1103 in
863 1042 1008 1123 Alpibus?
1031 1054 1079 1104 aut
1100 1046 1166 1123 quis

309 1130 342 1191 ln
364 1128 466 1189 lleroe
492 1147 591 1190 crasse
606 1130 751 1207 ‚maiorem
773 1129 881 1189 infante
905 1126 1079 1189 mamillam?

311 1212 434 1274 Caerula
458 1216 521 1292 quis
544 1215 651 1291 stupuit
672 1212 805 1273 Germani
829 1214 950 1288 lumina,
973 1212 1075 1272 llavarn
1245 1282 1252 1290 ¹

311 1295 476 1359 Caesariem
500 1306 529 1357 et
548 1297 661 1365 madida
682 1305 865 1375 torquentem
886 1312 995 1356 cornua
1016 1298 1117 1356 cirre?
1241 1308 1294 1362 165

308 1380 420 1459 Nempe
444 1381 521 1460 quod
542 1380 616 1441 lucc
639 1380 697 1443 illis
718 1390 819 1441 natura
841 1390 887 1442 est
909 1379 1039 1440 omnibus
1060 1397 1124 1441 una.

310 1464 356 1524 Ad
377 1463 487 1525 subitas
508 1464 650 1525 Thracum
669 1464 808 1525 volucres
829 1464 997 1541 nubemque·
1014 1480 1150 1527 sonoram

243 1544 248 1561 “
310 1548 471 1624 Pygmaeus
492 1550 589 1627 parvis
612 1549 699 1609 currit
721 1548 849 1609 bellator
869 1550 898 1607 in
921 1550 1017 1623 ermis,

308 1630 377 1690 llox
399 1632 490 1711 impar
512 1632 588 1693 hosti
608 1640 767 1711 raptusque
790 1649 937 1711 peracre
959 1632 1054 1690 cunis

308 1714 457 1790 Unguibus
478 1735 495 1777 a
517 1733 605 1776 saeva
627 1718 718 1776 icrtm
738 1734 827 1793 grue:
852 1718 878 1774 si
899 1715 1000 1775 rideas
1021 1715 1079 1775 lmc
1237 1726 1291 1781 170

310 1797 448 1857 Gentibus
473 1800 500 1859 in
521 1801 645 1875 nostris,
669 1800 728 1857 risu
750 1801 895 1877 quatiere:
919 1800 972 1859 sed
995 1798 1065 1873 illic,

310 1880 486 1960 Quamquam
507 1882 608 1943 eadem
630 1882 747 1943 assidue
769 1892 939 1961 spectentur
959 1882 1089 1961 proelia,
1112 1883 1188 1943 ridet
1307 1955 1311 1962 1

308 1962 416 2039 Nemo,
439 1966 487 2027 ubi
510 1976 570 2027 teta
591 1966 697 2029 celrers
722 1968 798 2045 pede
819 1983 878 2026 uun
899 1976 945 2026 est
965 1965 1051 2025 altior
1070 1984 1138 2026 unu.

351 2048 475 2111 Nullane
500 2053 608 2129 periuri
630 2052 733 2130 capitis
753 2052 922 2128 fraudisque
944 2049 1086 2110 nefandae

309 2134 405 2193 Poena
428 2132 502 2194 crit'l
516 2169 558 2182 -
576 2136 735 2213 Abreptum
758 2136 847 2196 erede
869 2135 944 2194 lruuc
961 2136 1098 2213 graviore
1116 2142 1219 2195 catam
1239 2139 1290 2197 175

309 2216 441 2277 Protinus
464 2227 493 2278 et
515 2228 615 2278 nostru
637 2220 720 2297 (quid
746 2220 812 2297 plus
834 2218 906 2277 velit
928 2214 1009 2295 irai)
1031 2219 1131 2277 necari

309 2299 453 2379 Arbitriq;
475 2312 571 2363 manet
595 2302 644 2362 illa
666 2312 762 2362 tamen
776 2297 982 2376 iactura‚‘'nec
1000 2298 1132 2379 umquam

309 2384 479 2462 Depositum
500 2384 551 2445 tibi
573 2403 678 2463 sospes
700 2386 769 2461 erit,
795 2386 848 2447 secl
874 2401 1000 2463 corpore
1021 2393 1123 2445 trunco

309 2466 452 2529 invidiosa
474 2468 552 2530 dabit
574 2472 703 2529 minimus
725 2470 832 2531 solatia
852 2470 1033 2545 sanguis.-

309 2552 347 2611 At
366 2552 491 2613 vindicta
514 2552 618 2613 bouum
638 2554 696 2613 vita
719 2554 870 2613 iucundius
891 2554 964 2630 ipsa.
991 2586 1033 2601 -
1075 2602 1080 2606 .
1237 2560 1292 2614 180

308 2635 421 2713 Nempe
444 2635 501 2695 hec
522 2636 647 2711 indocti,
673 2654 793 2715 quorum
814 2636 988 2715 praecordia
1009 2634 1096 2695 nullis

308 2718 452 2779 interdum
473 2728 520 2778 aut
542 2720 656 2779 levibus
677 2720 778 2780 uideas
799 2720 949 2797 llagrantia
973 2719 1084 2779 causis:

308 2800 576 2881 Quantulacumque
598 2803 673 2863 adeo
696 2812 741 2863 est
762 2806 898 2878 neemia,
923 2802 1030 2864 sutucu
1051 2803 1123 2863 irae.

310 2880 489 2963 Chrysippus
511 2904 569 2947 nun
591 2886 668 2947 dicet
691 2888 769 2947 itlem
788 2905 847 2946 nec
864 2889 934 2947 mite
956 2886 1085 2948 Tlraletis

308 2967 456 3045 Ingenium
480 2968 614 3050 dulcique
637 2988 729 3031 senex
732 2972 861 3054 ,vicium
880 2970 1026 3045 llymette,
1240 2976 1292 3032 185

209 3090 212 3097 -
310 3050 365 3124 Qui
389 3062 500 3131 partem
524 3064 665 3133 acceptae
688 3072 777 3115 saeva
797 3055 872 3114 inter
895 3054 989 3113 vincla
1011 3054 1124 3113 cicutae

309 3136 482 3198 Accusateri
505 3138 596 3199 nollet
619 3140 698 3199 dare.
743 3139 867 3200 Plurima
887 3138 960 3199 ielix

309 3219 446 3281 Paulatim
468 3221 537 3282 vitia
559 3230 645 3299 atquc
665 3240 786 3283 errores
807 3222 887 3280 eruit
909 3238 1020 3295 omnes,
1140 3225 1142 3228 '

267 3338 268 3341 =
309 3302 401 3363 Prima
424 3304 511 3368 docet
535 3304 646 3365 rectum
666 3306 955 3385 sapientiamqnip'pe
977 3304 1075 3363 minuti
1156 3340 1162 3349 -

309 3386 433 3464 Semper
455 3398 485 3447 et
504 3390 606 3449 infirmi
630 3399 675 3449 est
699 3390 785 3449 animi
808 3388 963 3465 exiguique
986 3388 1122 3466 valuptas
1239 3391 1293 3446 190

308 3469 401 3529 Ultio:
427 3474 561 3533 contiuuo
584 3474 627 3531 sic
648 3473 773 3549 collige,
797 3472 875 3549 queri
897 3472 1023 3532 vindicta
1102 3480 1107 3497 “

309 3550 401 3625 Nema
423 3558 515 3631 magis
535 3556 660 3631 gaudet,
681 3574 769 3634 quam
788 3555 905 3621 femina.
949 3552 1010 3614 Gur
1029 3555 1125 3615 tamen
1147 3552 1203 3613 hos
1225 3560 1255 3611 tu

308 3634 447 3699 Erasisse
470 3646 571 3715 pates,
594 3656 667 3716 quos
691 3638 745 3699 diri
771 3641 890 3700 conscia
911 3638 981 3699 iacti

309 3716 392 3779 llens
414 3720 502 3781 habet
523 3724 659 3782 attonitos
680 3730 711 3783 ct
730 3722 819 3784 suria
833 3717 967 3782 'verbere
988 3722 1086 3783 caedit
