<?xml version="1.0" encoding="UTF-8"?>
<!DOCTYPE html PUBLIC "-//W3C//DTD XHTML 1.0 Transitional//EN"
    "http://www.w3.org/TR/xhtml1/DTD/xhtml1-transitional.dtd">
<html xmlns="http://www.w3.org/1999/xhtml" xml:lang="en" lang="en">
 <head>
  <title>
</title>
<meta http-equiv="Content-Type" content="text/html;charset=utf-8" />
  <meta name='ocr-system' content='tesseract 3.04.00' />
  <meta name='ocr-capabilities' content='ocr_page ocr_carea ocr_par ocr_line ocrx_word'/>
</head>
<body>
  <div class='ocr_page' id='page_1' title='image "./satirarumlibriq00hermgoog_0101.png"; bbox 0 0 3050 4484; ppageno 0'>
   <div class='ocr_carea' id='block_1_1' title="bbox 632 457 890 570">
    <p class='ocr_par' dir='ltr' id='par_1_1' title="bbox 632 457 890 570">
     <span class='ocr_line' id='line_1_1' title="bbox 632 457 890 570; baseline -0.027 -28"><span class='ocrx_word' id='word_1_1' title='bbox 632 492 809 570; x_wconf 34' lang='lat' dir='ltr'><strong>suarna-x.</strong></span> <span class='ocrx_word' id='word_1_2' title='bbox 843 530 847 535; x_wconf 86' lang='lat'>.</span> <span class='ocrx_word' id='word_1_3' title='bbox 885 457 890 460; x_wconf 32' lang='lat'>⁵</span> 
     </span>
    </p>
   </div>
   <div class='ocr_carea' id='block_1_2' title="bbox 184 630 1144 3861">
    <p class='ocr_par' dir='ltr' id='par_1_2' title="bbox 184 630 1144 3861">
     <span class='ocr_line' id='line_1_2' title="bbox 255 630 958 713; baseline -0.01 -16"><span class='ocrx_word' id='word_1_4' title='bbox 255 634 447 713; x_wconf 79' lang='lat' dir='ltr'><strong>Temporibus</strong></span> <span class='ocrx_word' id='word_1_5' title='bbox 473 633 542 695; x_wconf 86' lang='lat' dir='ltr'><strong>diris</strong></span> <span class='ocrx_word' id='word_1_6' title='bbox 564 633 651 709; x_wconf 83' lang='lat' dir='ltr'><strong>igitur</strong></span> <span class='ocrx_word' id='word_1_7' title='bbox 674 633 813 713; x_wconf 81' lang='lat' dir='ltr'><strong>iussuque</strong></span> <span class='ocrx_word' id='word_1_8' title='bbox 834 630 958 694; x_wconf 83' lang='lat' dir='ltr'><strong>Neronis</strong></span> 
     </span>
     <span class='ocr_line' id='line_1_3' title="bbox 255 713 1137 795; baseline -0.007 -15"><span class='ocrx_word' id='word_1_9' title='bbox 255 720 413 795; x_wconf 85' lang='lat' dir='ltr'><strong>Longinum</strong></span> <span class='ocrx_word' id='word_1_10' title='bbox 437 726 466 775; x_wconf 90' lang='lat' dir='ltr'><strong>et</strong></span> <span class='ocrx_word' id='word_1_11' title='bbox 487 731 608 793; x_wconf 87' lang='lat' dir='ltr'><strong>magnos</strong></span> <span class='ocrx_word' id='word_1_12' title='bbox 632 717 765 776; x_wconf 85' lang='lat' dir='ltr'><strong>Senecae</strong></span> <span class='ocrx_word' id='word_1_13' title='bbox 785 715 953 793; x_wconf 81' lang='lat' dir='ltr'><strong>praedivitis</strong></span> <span class='ocrx_word' id='word_1_14' title='bbox 973 713 1075 776; x_wconf 90' lang='lat' dir='ltr'><strong>hortos</strong></span> <span class='ocrx_word' id='word_1_15' title='bbox 1135 764 1137 774; x_wconf 93' lang='lat'><em>.</em></span> 
     </span>
     <span class='ocr_line' id='line_1_4' title="bbox 255 798 1099 878; baseline -0.006 -14"><span class='ocrx_word' id='word_1_16' title='bbox 255 802 365 864; x_wconf 57' lang='lat' dir='ltr'><strong>‘Clausit</strong></span> <span class='ocrx_word' id='word_1_17' title='bbox 389 810 417 860; x_wconf 87' lang='lat' dir='ltr'><strong>et</strong></span> <span class='ocrx_word' id='word_1_18' title='bbox 440 802 576 878; x_wconf 85' lang='lat' dir='ltr'><strong>egregias</strong></span> <span class='ocrx_word' id='word_1_19' title='bbox 597 798 802 859; x_wconf 78' lang='lat' dir='ltr'><strong>Lateranorum</strong></span> <span class='ocrx_word' id='word_1_20' title='bbox 824 798 939 857; x_wconf 75' lang='lat' dir='ltr'>obsidet</span> <span class='ocrx_word' id='word_1_21' title='bbox 960 799 1050 859; x_wconf 90' lang='lat' dir='ltr'><strong>aedes</strong></span> <span class='ocrx_word' id='word_1_22' title='bbox 1090 839 1099 867; x_wconf 39' lang='lat'><strong>³,</strong></span> 
     </span>
     <span class='ocr_line' id='line_1_5' title="bbox 256 880 1022 952; baseline -0.008 -7"><span class='ocrx_word' id='word_1_23' title='bbox 256 887 329 945; x_wconf 84' lang='lat' dir='ltr'><strong>Tota</strong></span> <span class='ocrx_word' id='word_1_24' title='bbox 350 884 472 944; x_wconf 79' lang='lat' dir='ltr'><strong>cohors:</strong></span> <span class='ocrx_word' id='word_1_25' title='bbox 494 901 576 944; x_wconf 89' lang='lat' dir='ltr'><strong>rarus</strong></span> <span class='ocrx_word' id='word_1_26' title='bbox 600 884 727 943; x_wconf 83' lang='lat' dir='ltr'><strong>venitin</strong></span> <span class='ocrx_word' id='word_1_27' title='bbox 749 880 909 952; x_wconf 77' lang='lat' dir='ltr'><strong>coenacula</strong></span> <span class='ocrx_word' id='word_1_28' title='bbox 928 882 1022 941; x_wconf 88' lang='lat' dir='ltr'><strong>miles.</strong></span> 
     </span>
     <span class='ocr_line' id='line_1_6' title="bbox 255 964 1024 1046; baseline -0.009 -17"><span class='ocrx_word' id='word_1_29' title='bbox 255 968 351 1029; x_wconf 88' lang='lat' dir='ltr'><strong>Pauca</strong></span> <span class='ocrx_word' id='word_1_30' title='bbox 372 968 443 1027; x_wconf 90' lang='lat' dir='ltr'><strong>licet</strong></span> <span class='ocrx_word' id='word_1_31' title='bbox 467 976 569 1046; x_wconf 92' lang='lat' dir='ltr'><strong>portes</strong></span> <span class='ocrx_word' id='word_1_32' title='bbox 593 968 706 1043; x_wconf 76' lang='lat' dir='ltr'><strong>argenti</strong></span> <span class='ocrx_word' id='word_1_33' title='bbox 727 964 846 1025; x_wconf 88' lang='lat' dir='ltr'><strong>vascula</strong></span> <span class='ocrx_word' id='word_1_34' title='bbox 873 966 948 1043; x_wconf 89' lang='lat' dir='ltr'><strong>puri,</strong></span> <span class='ocrx_word' id='word_1_35' title='bbox 1021 1031 1024 1039; x_wconf 29' lang='lat'>¹</span> 
     </span>
     <span class='ocr_line' id='line_1_7' title="bbox 255 1048 1076 1127; baseline -0.009 -14"><span class='ocrx_word' id='word_1_36' title='bbox 255 1052 350 1113; x_wconf 83' lang='lat' dir='ltr'><strong>Nocte</strong></span> <span class='ocrx_word' id='word_1_37' title='bbox 373 1053 429 1111; x_wconf 91' lang='lat' dir='ltr'><strong>iter</strong></span> <span class='ocrx_word' id='word_1_38' title='bbox 450 1052 601 1127; x_wconf 86' lang='lat' dir='ltr'><strong>ingressus</strong></span> <span class='ocrx_word' id='word_1_39' title='bbox 621 1049 747 1126; x_wconf 82' lang='lat' dir='ltr'><strong>gladium</strong></span> <span class='ocrx_word' id='word_1_40' title='bbox 769 1058 941 1126; x_wconf 89' lang='lat' dir='ltr'><strong>contumque</strong></span> <span class='ocrx_word' id='word_1_41' title='bbox 960 1048 1076 1109; x_wconf 81' lang='lat' dir='ltr'><strong>timebis</strong></span> 
     </span>
     <span class='ocr_line' id='line_1_8' title="bbox 255 1131 1083 1211; baseline -0.002 -17"><span class='ocrx_word' id='word_1_42' title='bbox 255 1134 293 1194; x_wconf 83' lang='lat' dir='ltr'><strong>Et</strong></span> <span class='ocrx_word' id='word_1_43' title='bbox 314 1143 408 1193; x_wconf 91' lang='lat' dir='ltr'><strong>motae</strong></span> <span class='ocrx_word' id='word_1_44' title='bbox 423 1134 470 1193; x_wconf 56' lang='lat' dir='ltr'><strong>»ad</strong></span> <span class='ocrx_word' id='word_1_45' title='bbox 491 1134 585 1192; x_wconf 91' lang='lat' dir='ltr'><strong>lunam</strong></span> <span class='ocrx_word' id='word_1_46' title='bbox 606 1131 765 1211; x_wconf 81' lang='lat' dir='ltr'><strong>trepidabis</strong></span> <span class='ocrx_word' id='word_1_47' title='bbox 788 1132 932 1191; x_wconf 81' lang='lat' dir='ltr'><strong>arundinis</strong></span> <span class='ocrx_word' id='word_1_48' title='bbox 953 1132 1083 1194; x_wconf 83' lang='lat' dir='ltr'><strong>umbras:</strong></span> 
     </span>
     <span class='ocr_line' id='line_1_9' title="bbox 256 1212 910 1291; baseline -0.008 -14"><span class='ocrx_word' id='word_1_49' title='bbox 256 1212 397 1291; x_wconf 70' lang='lat' dir='ltr'><strong>Cantabitj</strong></span> <span class='ocrx_word' id='word_1_50' title='bbox 414 1234 524 1275; x_wconf 86' lang='lat' dir='ltr'><strong>vacuus</strong></span> <span class='ocrx_word' id='word_1_51' title='bbox 550 1233 647 1275; x_wconf 88' lang='lat' dir='ltr'><strong>coram</strong></span> <span class='ocrx_word' id='word_1_52' title='bbox 668 1216 781 1277; x_wconf 87' lang='lat' dir='ltr'><strong>latrone</strong></span> <span class='ocrx_word' id='word_1_53' title='bbox 807 1217 910 1278; x_wconf 84' lang='lat' dir='ltr'><strong>viator.</strong></span> 
     </span>
     <span class='ocr_line' id='line_1_10' title="bbox 255 1299 1022 1377; baseline -0.004 -17"><span class='ocrx_word' id='word_1_54' title='bbox 255 1302 348 1365; x_wconf 88' lang='lat' dir='ltr'><strong>Prima</strong></span> <span class='ocrx_word' id='word_1_55' title='bbox 371 1300 434 1359; x_wconf 88' lang='lat' dir='ltr'><strong>iere</strong></span> <span class='ocrx_word' id='word_1_56' title='bbox 458 1308 528 1359; x_wconf 90' lang='lat' dir='ltr'><strong>vota</strong></span> <span class='ocrx_word' id='word_1_57' title='bbox 554 1308 583 1357; x_wconf 89' lang='lat' dir='ltr'><strong>et</strong></span> <span class='ocrx_word' id='word_1_58' title='bbox 606 1300 714 1359; x_wconf 86' lang='lat' dir='ltr'><strong>cunetis</strong></span> <span class='ocrx_word' id='word_1_59' title='bbox 737 1301 885 1359; x_wconf 87' lang='lat' dir='ltr'><strong>notissima</strong></span> <span class='ocrx_word' id='word_1_60' title='bbox 906 1299 1022 1377; x_wconf 89' lang='lat' dir='ltr'><strong>templis</strong></span> 
     </span>
     <span class='ocr_line' id='line_1_11' title="bbox 255 1384 1005 1459; baseline -0.003 -16"><span class='ocrx_word' id='word_1_61' title='bbox 255 1384 398 1459; x_wconf 85' lang='lat' dir='ltr'><strong>Divitiae,</strong></span> <span class='ocrx_word' id='word_1_62' title='bbox 421 1392 556 1445; x_wconf 86' lang='lat' dir='ltr'><strong>crescant</strong></span> <span class='ocrx_word' id='word_1_63' title='bbox 579 1391 609 1441; x_wconf 90' lang='lat' dir='ltr'><strong>ut</strong></span> <span class='ocrx_word' id='word_1_64' title='bbox 631 1399 722 1459; x_wconf 87' lang='lat' dir='ltr'><strong>opes,</strong></span> <span class='ocrx_word' id='word_1_65' title='bbox 745 1392 776 1441; x_wconf 91' lang='lat' dir='ltr'><strong>ut</strong></span> <span class='ocrx_word' id='word_1_66' title='bbox 799 1385 921 1442; x_wconf 86' lang='lat' dir='ltr'><strong>maxima</strong></span> <span class='ocrx_word' id='word_1_67' title='bbox 943 1392 1005 1441; x_wconf 92' lang='lat' dir='ltr'><strong>toto</strong></span> 
     </span>
     <span class='ocr_line' id='line_1_12' title="bbox 255 1464 1097 1527; baseline 0 -2"><span class='ocrx_word' id='word_1_68' title='bbox 255 1466 363 1526; x_wconf 88' lang='lat' dir='ltr'><strong>Nostra</strong></span> <span class='ocrx_word' id='word_1_69' title='bbox 390 1466 426 1525; x_wconf 92' lang='lat' dir='ltr'><strong>sit</strong></span> <span class='ocrx_word' id='word_1_70' title='bbox 449 1484 515 1527; x_wconf 90' lang='lat' dir='ltr'><strong>arca</strong></span> <span class='ocrx_word' id='word_1_71' title='bbox 539 1466 614 1525; x_wconf 88' lang='lat' dir='ltr'><strong>loro.</strong></span> <span class='ocrx_word' id='word_1_72' title='bbox 648 1465 708 1525; x_wconf 85' lang='lat' dir='ltr'><strong>Sed</strong></span> <span class='ocrx_word' id='word_1_73' title='bbox 727 1465 805 1525; x_wconf 91' lang='lat' dir='ltr'><strong>nulla</strong></span> <span class='ocrx_word' id='word_1_74' title='bbox 827 1466 940 1525; x_wconf 91' lang='lat' dir='ltr'><strong>aconita</strong></span> <span class='ocrx_word' id='word_1_75' title='bbox 962 1464 1097 1525; x_wconf 87' lang='lat' dir='ltr'><strong>bibuntur</strong></span> 
     </span>
     <span class='ocr_line' id='line_1_13' title="bbox 255 1548 1053 1627; baseline 0 -18"><span class='ocrx_word' id='word_1_76' title='bbox 255 1548 420 1617; x_wconf 89' lang='lat' dir='ltr'><strong>Fictilibus;</strong></span> <span class='ocrx_word' id='word_1_77' title='bbox 444 1558 513 1609; x_wconf 91' lang='lat' dir='ltr'><strong>tunc</strong></span> <span class='ocrx_word' id='word_1_78' title='bbox 535 1548 585 1609; x_wconf 94' lang='lat' dir='ltr'><strong>illa</strong></span> <span class='ocrx_word' id='word_1_79' title='bbox 610 1549 694 1623; x_wconf 88' lang='lat' dir='ltr'><strong>time,</strong></span> <span class='ocrx_word' id='word_1_80' title='bbox 719 1567 805 1627; x_wconf 83' lang='lat' dir='ltr'><strong>quum</strong></span> <span class='ocrx_word' id='word_1_81' title='bbox 826 1549 933 1627; x_wconf 90' lang='lat' dir='ltr'><strong>pocula</strong></span> <span class='ocrx_word' id='word_1_82' title='bbox 955 1567 1053 1609; x_wconf 89' lang='lat' dir='ltr'><strong>sumes</strong></span> 
     </span>
     <span class='ocr_line' id='line_1_14' title="bbox 257 1632 985 1693; baseline -0.005 0"><span class='ocrx_word' id='word_1_83' title='bbox 257 1633 403 1693; x_wconf 86' lang='lat' dir='ltr'><strong>Gemmata</strong></span> <span class='ocrx_word' id='word_1_84' title='bbox 430 1642 459 1691; x_wconf 92' lang='lat' dir='ltr'><strong>et</strong></span> <span class='ocrx_word' id='word_1_85' title='bbox 480 1632 538 1692; x_wconf 91' lang='lat' dir='ltr'><strong>lato</strong></span> <span class='ocrx_word' id='word_1_86' title='bbox 563 1632 691 1693; x_wconf 86' lang='lat' dir='ltr'><strong>Setinum</strong></span> <span class='ocrx_word' id='word_1_87' title='bbox 714 1632 827 1692; x_wconf 86' lang='lat' dir='ltr'><strong>ardebit</strong></span> <span class='ocrx_word' id='word_1_88' title='bbox 848 1634 877 1691; x_wconf 88' lang='lat' dir='ltr'><strong>in</strong></span> <span class='ocrx_word' id='word_1_89' title='bbox 902 1650 985 1693; x_wconf 66' lang='lat' dir='ltr'><strong>auror</strong></span> 
     </span>
     <span class='ocr_line' id='line_1_15' title="bbox 254 1714 1070 1800; baseline -0.002 -23"><span class='ocrx_word' id='word_1_90' title='bbox 254 1716 355 1800; x_wconf 76' lang='lat' dir='ltr'><strong>Iamne</strong></span> <span class='ocrx_word' id='word_1_91' title='bbox 378 1718 464 1793; x_wconf 86' lang='lat' dir='ltr'><strong>igitur</strong></span> <span class='ocrx_word' id='word_1_92' title='bbox 485 1715 602 1791; x_wconf 83' lang='lat' dir='ltr'><strong>laudas,</strong></span> <span class='ocrx_word' id='word_1_93' title='bbox 628 1714 706 1793; x_wconf 89' lang='lat' dir='ltr'><strong>qnod</strong></span> <span class='ocrx_word' id='word_1_94' title='bbox 729 1715 767 1775; x_wconf 88' lang='lat' dir='ltr'><strong>de</strong></span> <span class='ocrx_word' id='word_1_95' title='bbox 793 1716 971 1793; x_wconf 83' lang='lat' dir='ltr'><strong>sapientibus</strong></span> <span class='ocrx_word' id='word_1_96' title='bbox 995 1715 1070 1777; x_wconf 91' lang='lat' dir='ltr'><strong>alter</strong></span> 
     </span>
     <span class='ocr_line' id='line_1_16' title="bbox 256 1798 970 1877; baseline -0.004 -17"><span class='ocrx_word' id='word_1_97' title='bbox 256 1799 396 1874; x_wconf 78' lang='lat' dir='ltr'><strong>Ridebat,</strong></span> <span class='ocrx_word' id='word_1_98' title='bbox 421 1800 535 1877; x_wconf 89' lang='lat' dir='ltr'><strong>quoties</strong></span> <span class='ocrx_word' id='word_1_99' title='bbox 558 1798 594 1859; x_wconf 90' lang='lat' dir='ltr'><strong>de</strong></span> <span class='ocrx_word' id='word_1_100' title='bbox 615 1799 710 1859; x_wconf 91' lang='lat' dir='ltr'><strong>limine</strong></span> <span class='ocrx_word' id='word_1_101' title='bbox 732 1808 864 1858; x_wconf 85' lang='lat' dir='ltr'><strong>moverat</strong></span> <span class='ocrx_word' id='word_1_102' title='bbox 886 1816 970 1859; x_wconf 89' lang='lat' dir='ltr'><strong>unum</strong></span> 
     </span>
     <span class='ocr_line' id='line_1_17' title="bbox 255 1879 1069 1965; baseline -0.002 -22"><span class='ocrx_word' id='word_1_103' title='bbox 255 1882 477 1961; x_wconf 85' lang='lat' dir='ltr'><strong>Protuleratque</strong></span> <span class='ocrx_word' id='word_1_104' title='bbox 498 1882 619 1961; x_wconf 89' lang='lat' dir='ltr'><strong>pedem,</strong></span> <span class='ocrx_word' id='word_1_105' title='bbox 638 1882 905 1965; x_wconf 30' lang='lat' dir='ltr'><strong>debat-contrarius</strong></span> <span class='ocrx_word' id='word_1_106' title='bbox 928 1879 1069 1961; x_wconf 64' lang='lat' dir='ltr'><strong>auctor?x</strong></span> 
     </span>
     <span class='ocr_line' id='line_1_18' title="bbox 255 1966 970 2043; baseline -0.003 -16"><span class='ocrx_word' id='word_1_107' title='bbox 255 1966 317 2027; x_wconf 90' lang='lat' dir='ltr'><strong>Sed</strong></span> <span class='ocrx_word' id='word_1_108' title='bbox 338 1966 433 2025; x_wconf 90' lang='lat' dir='ltr'><strong>iacilis</strong></span> <span class='ocrx_word' id='word_1_109' title='bbox 457 1967 548 2025; x_wconf 88' lang='lat' dir='ltr'><strong>cuivis</strong></span> <span class='ocrx_word' id='word_1_110' title='bbox 570 1966 656 2043; x_wconf 80' lang='lat' dir='ltr'><strong>rigidi</strong></span> <span class='ocrx_word' id='word_1_111' title='bbox 679 1984 801 2027; x_wconf 91' lang='lat' dir='ltr'><strong>censura</strong></span> <span class='ocrx_word' id='word_1_112' title='bbox 823 1966 970 2025; x_wconf 84' lang='lat' dir='ltr'><strong>cachinni:</strong></span> 
     </span>
     <span class='ocr_line' id='line_1_19' title="bbox 255 2048 1121 2125; baseline -0.001 -16"><span class='ocrx_word' id='word_1_113' title='bbox 255 2048 414 2110; x_wconf 78' lang='lat' dir='ltr'><strong>Mirandum</strong></span> <span class='ocrx_word' id='word_1_114' title='bbox 435 2058 498 2125; x_wconf 88' lang='lat' dir='ltr'><strong>est,</strong></span> <span class='ocrx_word' id='word_1_115' title='bbox 523 2050 597 2109; x_wconf 90' lang='lat' dir='ltr'><strong>unde</strong></span> <span class='ocrx_word' id='word_1_116' title='bbox 621 2048 671 2109; x_wconf 88' lang='lat' dir='ltr'><strong>ille</strong></span> <span class='ocrx_word' id='word_1_117' title='bbox 695 2048 789 2109; x_wconf 92' lang='lat' dir='ltr'><strong>oculis</strong></span> <span class='ocrx_word' id='word_1_118' title='bbox 812 2049 962 2107; x_wconf 81' lang='lat' dir='ltr'><strong>suffecerit</strong></span> <span class='ocrx_word' id='word_1_119' title='bbox 987 2049 1121 2109; x_wconf 86' lang='lat' dir='ltr'><strong>humor.¹</strong></span> 
     </span>
     <span class='ocr_line' id='line_1_20' title="bbox 256 2131 947 2211; baseline -0.001 -19"><span class='ocrx_word' id='word_1_120' title='bbox 256 2132 402 2210; x_wconf 92' lang='lat' dir='ltr'><strong>Perpetuo</strong></span> <span class='ocrx_word' id='word_1_121' title='bbox 427 2133 486 2191; x_wconf 92' lang='lat' dir='ltr'><strong>risu</strong></span> <span class='ocrx_word' id='word_1_122' title='bbox 508 2132 672 2211; x_wconf 87' lang='lat' dir='ltr'><strong>pulmonem</strong></span> <span class='ocrx_word' id='word_1_123' title='bbox 697 2132 808 2209; x_wconf 78' lang='lat' dir='ltr'><strong>agitare</strong></span> <span class='ocrx_word' id='word_1_124' title='bbox 832 2131 947 2191; x_wconf 87' lang='lat' dir='ltr'><strong>solebat</strong></span> 
     </span>
     <span class='ocr_line' id='line_1_21' title="bbox 254 2194 1077 2303; baseline 0 -28"><span class='ocrx_word' id='word_1_125' title='bbox 254 2194 457 2291; x_wconf 70' lang='lat' dir='ltr'><strong>Democritus,</strong></span> <span class='ocrx_word' id='word_1_126' title='bbox 483 2234 653 2295; x_wconf 86' lang='lat' dir='ltr'><strong>quamquam</strong></span> <span class='ocrx_word' id='word_1_127' title='bbox 674 2232 731 2275; x_wconf 90' lang='lat' dir='ltr'><strong>non</strong></span> <span class='ocrx_word' id='word_1_128' title='bbox 754 2223 869 2303; x_wconf 45' lang='lat' dir='ltr'><strong>esseut,</strong></span> <span class='ocrx_word' id='word_1_129' title='bbox 878 2214 997 2275; x_wconf 87' lang='lat' dir='ltr'><strong>urbibus</strong></span> <span class='ocrx_word' id='word_1_130' title='bbox 1019 2215 1077 2275; x_wconf 90' lang='lat' dir='ltr'><strong>illis</strong></span> 
     </span>
     <span class='ocr_line' id='line_1_22' title="bbox 256 2298 1062 2375; baseline -0.001 -17"><span class='ocrx_word' id='word_1_131' title='bbox 256 2298 411 2359; x_wconf 79' lang='lat' dir='ltr'><strong>Praetexta</strong></span> <span class='ocrx_word' id='word_1_132' title='bbox 433 2308 463 2359; x_wconf 90' lang='lat' dir='ltr'><strong>et</strong></span> <span class='ocrx_word' id='word_1_133' title='bbox 484 2299 618 2375; x_wconf 84' lang='lat' dir='ltr'><strong>trabeae,</strong></span> <span class='ocrx_word' id='word_1_134' title='bbox 642 2299 756 2374; x_wconf 82' lang='lat' dir='ltr'><strong>fasces,</strong></span> <span class='ocrx_word' id='word_1_135' title='bbox 782 2298 904 2373; x_wconf 84' lang='lat' dir='ltr'><strong>lectica,</strong></span> <span class='ocrx_word' id='word_1_136' title='bbox 928 2298 1062 2358; x_wconf 85' lang='lat' dir='ltr'><strong>tribuual</strong></span> 
     </span>
     <span class='ocr_line' id='line_1_23' title="bbox 187 2380 971 2459; baseline 0.001 -19"><span class='ocrx_word' id='word_1_137' title='bbox 187 2390 199 2399; x_wconf 85' lang='lat'>&#39;</span> <span class='ocrx_word' id='word_1_138' title='bbox 257 2380 348 2456; x_wconf 82' lang='lat' dir='ltr'><strong>Quid,</strong></span> <span class='ocrx_word' id='word_1_139' title='bbox 373 2382 397 2440; x_wconf 88' lang='lat' dir='ltr'><strong>si</strong></span> <span class='ocrx_word' id='word_1_140' title='bbox 419 2382 540 2442; x_wconf 87' lang='lat' dir='ltr'><strong>vidisset</strong></span> <span class='ocrx_word' id='word_1_141' title='bbox 561 2391 726 2459; x_wconf 88' lang='lat' dir='ltr'><strong>praetorem</strong></span> <span class='ocrx_word' id='word_1_142' title='bbox 749 2381 881 2441; x_wconf 90' lang='lat' dir='ltr'><strong>curribus</strong></span> <span class='ocrx_word' id='word_1_143' title='bbox 904 2382 971 2441; x_wconf 90' lang='lat' dir='ltr'><strong>altis</strong></span> 
     </span>
     <span class='ocr_line' id='line_1_24' title="bbox 256 2464 1089 2543; baseline -0.002 -18"><span class='ocrx_word' id='word_1_144' title='bbox 256 2464 426 2525; x_wconf 81' lang='lat' dir='ltr'><strong>Exstantem</strong></span> <span class='ocrx_word' id='word_1_145' title='bbox 447 2475 477 2524; x_wconf 90' lang='lat' dir='ltr'><strong>et</strong></span> <span class='ocrx_word' id='word_1_146' title='bbox 499 2466 585 2525; x_wconf 88' lang='lat' dir='ltr'><strong>medii</strong></span> <span class='ocrx_word' id='word_1_147' title='bbox 607 2464 756 2525; x_wconf 88' lang='lat' dir='ltr'><strong>sublimem</strong></span> <span class='ocrx_word' id='word_1_148' title='bbox 777 2465 898 2543; x_wconf 82' lang='lat' dir='ltr'><strong>pulvere</strong></span> <span class='ocrx_word' id='word_1_149' title='bbox 920 2466 992 2524; x_wconf 91' lang='lat' dir='ltr'><strong>circi</strong></span> <span class='ocrx_word' id='word_1_150' title='bbox 1082 2528 1089 2543; x_wconf 42' lang='grc' dir='ltr'><em>Ι</em></span> 
     </span>
     <span class='ocr_line' id='line_1_25' title="bbox 256 2547 995 2625; baseline -0.004 -16"><span class='ocrx_word' id='word_1_151' title='bbox 256 2548 289 2609; x_wconf 91' lang='lat' dir='ltr'><strong>ln</strong></span> <span class='ocrx_word' id='word_1_152' title='bbox 315 2549 411 2609; x_wconf 92' lang='lat' dir='ltr'><strong>tunica</strong></span> <span class='ocrx_word' id='word_1_153' title='bbox 432 2547 509 2609; x_wconf 92' lang='lat' dir='ltr'><strong>Iovis</strong></span> <span class='ocrx_word' id='word_1_154' title='bbox 532 2555 561 2607; x_wconf 91' lang='lat' dir='ltr'><strong>et</strong></span> <span class='ocrx_word' id='word_1_155' title='bbox 584 2550 679 2625; x_wconf 87' lang='lat' dir='ltr'><strong>pictae</strong></span> <span class='ocrx_word' id='word_1_156' title='bbox 703 2549 826 2609; x_wconf 87' lang='lat' dir='ltr'><strong>Sarrana</strong></span> <span class='ocrx_word' id='word_1_157' title='bbox 851 2548 995 2609; x_wconf 83' lang='lat' dir='ltr'><strong>ferentem</strong></span> 
     </span>
     <span class='ocr_line' id='line_1_26' title="bbox 255 2631 1044 2716; baseline -0.004 -24"><span class='ocrx_word' id='word_1_158' title='bbox 255 2632 303 2693; x_wconf 81' lang='lat' dir='ltr'><strong>lux</strong></span> <span class='ocrx_word' id='word_1_159' title='bbox 327 2631 454 2692; x_wconf 91' lang='lat' dir='ltr'><strong>humeris</strong></span> <span class='ocrx_word' id='word_1_160' title='bbox 478 2631 578 2691; x_wconf 90' lang='lat' dir='ltr'><strong>aulaea</strong></span> <span class='ocrx_word' id='word_1_161' title='bbox 602 2640 691 2707; x_wconf 86' lang='lat' dir='ltr'><strong>togae</strong></span> <span class='ocrx_word' id='word_1_162' title='bbox 712 2649 893 2710; x_wconf 80' lang='lat' dir='ltr'><strong>magnaeque</strong></span> <span class='ocrx_word' id='word_1_163' title='bbox 916 2649 1044 2716; x_wconf 81' lang='lat' dir='ltr'><strong>coronae</strong></span> 
     </span>
     <span class='ocr_line' id='line_1_27' title="bbox 255 2712 1091 2793; baseline -0.005 -16"><span class='ocrx_word' id='word_1_164' title='bbox 255 2716 376 2777; x_wconf 84' lang='lat' dir='ltr'><strong>&#39;lantum</strong></span> <span class='ocrx_word' id='word_1_165' title='bbox 403 2714 519 2789; x_wconf 91' lang='lat' dir='ltr'><strong>orbem,</strong></span> <span class='ocrx_word' id='word_1_166' title='bbox 547 2723 651 2793; x_wconf 89' lang='lat' dir='ltr'><strong>quanto</strong></span> <span class='ocrx_word' id='word_1_167' title='bbox 678 2717 779 2775; x_wconf 75' lang='lat' dir='ltr'><strong>cervix</strong></span> <span class='ocrx_word' id='word_1_168' title='bbox 802 2732 860 2775; x_wconf 90' lang='lat' dir='ltr'><strong>nou</strong></span> <span class='ocrx_word' id='word_1_169' title='bbox 884 2716 991 2775; x_wconf 82' lang='lat' dir='ltr'><strong>suflicit</strong></span> <span class='ocrx_word' id='word_1_170' title='bbox 1013 2712 1091 2775; x_wconf 82' lang='lat' dir='ltr'><strong>ulla?</strong></span> 
     </span>
     <span class='ocr_line' id='line_1_28' title="bbox 254 2797 1129 2878; baseline -0.001 -20"><span class='ocrx_word' id='word_1_171' title='bbox 254 2799 374 2878; x_wconf 78' lang='lat' dir='ltr'><strong>¹Quippe</strong></span> <span class='ocrx_word' id='word_1_172' title='bbox 402 2806 481 2858; x_wconf 91' lang='lat' dir='ltr'><strong>tenet</strong></span> <span class='ocrx_word' id='word_1_173' title='bbox 503 2797 607 2857; x_wconf 89' lang='lat' dir='ltr'><strong>sudans</strong></span> <span class='ocrx_word' id='word_1_174' title='bbox 628 2797 703 2859; x_wconf 91' lang='lat' dir='ltr'><strong>hanc</strong></span> <span class='ocrx_word' id='word_1_175' title='bbox 722 2798 857 2875; x_wconf 92' lang='lat' dir='ltr'><strong>publicus</strong></span> <span class='ocrx_word' id='word_1_176' title='bbox 879 2810 923 2875; x_wconf 91' lang='lat' dir='ltr'><strong>et,</strong></span> <span class='ocrx_word' id='word_1_177' title='bbox 947 2798 1003 2857; x_wconf 90' lang='lat' dir='ltr'><strong>sibi</strong></span> <span class='ocrx_word' id='word_1_178' title='bbox 1026 2798 1129 2859; x_wconf 90' lang='lat' dir='ltr'><strong>consul</strong></span> 
     </span>
     <span class='ocr_line' id='line_1_29' title="bbox 256 2881 980 2960; baseline -0.003 -19"><span class='ocrx_word' id='word_1_179' title='bbox 256 2882 301 2943; x_wconf 88' lang='lat' dir='ltr'><strong>Ne</strong></span> <span class='ocrx_word' id='word_1_180' title='bbox 323 2881 455 2960; x_wconf 89' lang='lat' dir='ltr'><strong>placeat,</strong></span> <span class='ocrx_word' id='word_1_181' title='bbox 480 2898 564 2941; x_wconf 91' lang='lat' dir='ltr'><strong>curru</strong></span> <span class='ocrx_word' id='word_1_182' title='bbox 586 2898 688 2943; x_wconf 88' lang='lat' dir='ltr'><strong>servus</strong></span> <span class='ocrx_word' id='word_1_183' title='bbox 712 2890 843 2959; x_wconf 90' lang='lat' dir='ltr'><strong>portatur</strong></span> <span class='ocrx_word' id='word_1_184' title='bbox 867 2882 980 2942; x_wconf 91' lang='lat' dir='ltr'><strong>eodem.</strong></span> 
     </span>
     <span class='ocr_line' id='line_1_30' title="bbox 256 2962 1144 3042; baseline -0.002 -17"><span class='ocrx_word' id='word_1_185' title='bbox 256 2966 302 3025; x_wconf 88' lang='lat' dir='ltr'><strong>Da</strong></span> <span class='ocrx_word' id='word_1_186' title='bbox 323 2983 398 3027; x_wconf 91' lang='lat' dir='ltr'><strong>nunc</strong></span> <span class='ocrx_word' id='word_1_187' title='bbox 423 2974 453 3023; x_wconf 89' lang='lat' dir='ltr'><strong>et</strong></span> <span class='ocrx_word' id='word_1_188' title='bbox 476 2964 641 3040; x_wconf 91' lang='lat' dir='ltr'><strong>volucrem,</strong></span> <span class='ocrx_word' id='word_1_189' title='bbox 668 2974 786 3042; x_wconf 87' lang='lat' dir='ltr'><strong>sceptro</strong></span> <span class='ocrx_word' id='word_1_190' title='bbox 815 2982 888 3041; x_wconf 88' lang='lat' dir='ltr'><strong>quae</strong></span> <span class='ocrx_word' id='word_1_191' title='bbox 910 2966 1002 3041; x_wconf 79' lang='lat' dir='ltr'><strong>surgit</strong></span> <span class='ocrx_word' id='word_1_192' title='bbox 1023 2962 1144 3040; x_wconf 92' lang='lat' dir='ltr'><strong>eburno,</strong></span> 
     </span>
     <span class='ocr_line' id='line_1_31' title="bbox 256 3048 964 3127; baseline -0.003 -18"><span class='ocrx_word' id='word_1_193' title='bbox 256 3049 340 3110; x_wconf 90' lang='lat' dir='ltr'><strong>lllinc</strong></span> <span class='ocrx_word' id='word_1_194' title='bbox 362 3050 541 3123; x_wconf 89' lang='lat' dir='ltr'><strong>cornicines,</strong></span> <span class='ocrx_word' id='word_1_195' title='bbox 564 3048 630 3109; x_wconf 87' lang='lat' dir='ltr'><strong>hinc</strong></span> <span class='ocrx_word' id='word_1_196' title='bbox 651 3048 858 3127; x_wconf 86' lang='lat' dir='ltr'><strong>praecedentia</strong></span> <span class='ocrx_word' id='word_1_197' title='bbox 883 3048 964 3125; x_wconf 81' lang='lat' dir='ltr'><strong>longi</strong></span> 
     </span>
     <span class='ocr_line' id='line_1_32' title="bbox 256 3131 1016 3209; baseline 0 -18"><span class='ocrx_word' id='word_1_198' title='bbox 256 3134 388 3209; x_wconf 87' lang='lat' dir='ltr'><strong>Agminis</strong></span> <span class='ocrx_word' id='word_1_199' title='bbox 412 3131 507 3191; x_wconf 90' lang='lat' dir='ltr'><strong>olliola</strong></span> <span class='ocrx_word' id='word_1_200' title='bbox 533 3140 563 3191; x_wconf 93' lang='lat' dir='ltr'><strong>et</strong></span> <span class='ocrx_word' id='word_1_201' title='bbox 584 3134 686 3191; x_wconf 88' lang='lat' dir='ltr'><strong>niveos</strong></span> <span class='ocrx_word' id='word_1_202' title='bbox 710 3132 746 3191; x_wconf 91' lang='lat' dir='ltr'><strong>ad</strong></span> <span class='ocrx_word' id='word_1_203' title='bbox 772 3131 854 3191; x_wconf 86' lang='lat' dir='ltr'><strong>irena</strong></span> <span class='ocrx_word' id='word_1_204' title='bbox 878 3131 1016 3206; x_wconf 83' lang='lat' dir='ltr'><strong>Quirites,</strong></span> 
     </span>
     <span class='ocr_line' id='line_1_33' title="bbox 255 3215 1049 3295; baseline -0.003 -20"><span class='ocrx_word' id='word_1_205' title='bbox 255 3216 384 3275; x_wconf 87' lang='lat' dir='ltr'><strong>Deiossa</strong></span> <span class='ocrx_word' id='word_1_206' title='bbox 408 3217 436 3275; x_wconf 91' lang='lat' dir='ltr'><strong>in</strong></span> <span class='ocrx_word' id='word_1_207' title='bbox 461 3215 564 3277; x_wconf 88' lang='lat' dir='ltr'><strong>loculis</strong></span> <span class='ocrx_word' id='word_1_208' title='bbox 587 3233 662 3295; x_wconf 87' lang='lat' dir='ltr'><strong>quos</strong></span> <span class='ocrx_word' id='word_1_209' title='bbox 685 3215 816 3293; x_wconf 88' lang='lat' dir='ltr'><strong>sportula</strong></span> <span class='ocrx_word' id='word_1_210' title='bbox 836 3215 908 3275; x_wconf 86' lang='lat' dir='ltr'><strong>iecit</strong></span> <span class='ocrx_word' id='word_1_211' title='bbox 930 3219 1049 3275; x_wconf 82' lang='lat' dir='ltr'><strong>amicos.</strong></span> 
     </span>
     <span class='ocr_line' id='line_1_34' title="bbox 256 3298 1051 3377; baseline -0.003 -18"><span class='ocrx_word' id='word_1_212' title='bbox 256 3298 328 3360; x_wconf 87' lang='lat' dir='ltr'><strong>Tum</strong></span> <span class='ocrx_word' id='word_1_213' title='bbox 356 3298 471 3377; x_wconf 86' lang='lat' dir='ltr'><strong>quoque</strong></span> <span class='ocrx_word' id='word_1_214' title='bbox 495 3302 644 3360; x_wconf 89' lang='lat' dir='ltr'><strong>materiam</strong></span> <span class='ocrx_word' id='word_1_215' title='bbox 663 3302 737 3359; x_wconf 88' lang='lat' dir='ltr'><strong>risus</strong></span> <span class='ocrx_word' id='word_1_216' title='bbox 761 3300 870 3360; x_wconf 90' lang='lat' dir='ltr'><strong>invenit</strong></span> <span class='ocrx_word' id='word_1_217' title='bbox 893 3300 927 3359; x_wconf 87' lang='lat' dir='ltr'><strong>ad</strong></span> <span class='ocrx_word' id='word_1_218' title='bbox 951 3316 1051 3359; x_wconf 91' lang='lat' dir='ltr'><strong>omues</strong></span> 
     </span>
     <span class='ocr_line' id='line_1_35' title="bbox 257 3382 1039 3460; baseline 0 -19"><span class='ocrx_word' id='word_1_219' title='bbox 257 3382 405 3443; x_wconf 85' lang='lat' dir='ltr'><strong>Occursus</strong></span> <span class='ocrx_word' id='word_1_220' title='bbox 427 3382 584 3457; x_wconf 90' lang='lat' dir='ltr'><strong>hominum,</strong></span> <span class='ocrx_word' id='word_1_221' title='bbox 612 3386 693 3445; x_wconf 89' lang='lat' dir='ltr'><strong>cuius</strong></span> <span class='ocrx_word' id='word_1_222' title='bbox 717 3382 867 3460; x_wconf 88' lang='lat' dir='ltr'><strong>prudentia</strong></span> <span class='ocrx_word' id='word_1_223' title='bbox 891 3390 1039 3455; x_wconf 90' lang='lat' dir='ltr'><strong>monstrat,</strong></span> 
     </span>
     <span class='ocr_line' id='line_1_36' title="bbox 257 3466 1090 3545; baseline 0 -20"><span class='ocrx_word' id='word_1_224' title='bbox 257 3468 390 3525; x_wconf 90' lang='lat' dir='ltr'><strong>Summos</strong></span> <span class='ocrx_word' id='word_1_225' title='bbox 416 3483 506 3544; x_wconf 89' lang='lat' dir='ltr'><strong>posse</strong></span> <span class='ocrx_word' id='word_1_226' title='bbox 531 3468 610 3527; x_wconf 91' lang='lat' dir='ltr'><strong>viros</strong></span> <span class='ocrx_word' id='word_1_227' title='bbox 632 3477 662 3527; x_wconf 91' lang='lat' dir='ltr'><strong>et</strong></span> <span class='ocrx_word' id='word_1_228' title='bbox 680 3484 783 3543; x_wconf 85' lang='lat' dir='ltr'><strong>magna</strong></span> <span class='ocrx_word' id='word_1_229' title='bbox 808 3467 942 3545; x_wconf 81' lang='lat' dir='ltr'><strong>exempla</strong></span> <span class='ocrx_word' id='word_1_230' title='bbox 968 3466 1090 3541; x_wconf 76' lang='lat' dir='ltr'><strong>daturos</strong></span> 
     </span>
     <span class='ocr_line' id='line_1_37' title="bbox 254 3548 1049 3627; baseline -0.003 -18"><span class='ocrx_word' id='word_1_231' title='bbox 254 3548 422 3609; x_wconf 70' lang='lat' dir='ltr'><strong>vervecum</strong></span> <span class='ocrx_word' id='word_1_232' title='bbox 443 3552 471 3608; x_wconf 90' lang='lat' dir='ltr'><strong>in</strong></span> <span class='ocrx_word' id='word_1_233' title='bbox 494 3551 586 3627; x_wconf 87' lang='lat' dir='ltr'><strong>patria</strong></span> <span class='ocrx_word' id='word_1_234' title='bbox 610 3566 768 3627; x_wconf 88' lang='lat' dir='ltr'><strong>crassoque</strong></span> <span class='ocrx_word' id='word_1_235' title='bbox 792 3551 845 3624; x_wconf 83' lang='lat' dir='ltr'><strong>sub</strong></span> <span class='ocrx_word' id='word_1_236' title='bbox 869 3569 937 3611; x_wconf 88' lang='lat' dir='ltr'><strong>aere</strong></span> <span class='ocrx_word' id='word_1_237' title='bbox 959 3550 1049 3609; x_wconf 90' lang='lat' dir='ltr'><strong>nasci.</strong></span> 
     </span>
     <span class='ocr_line' id='line_1_38' title="bbox 184 3632 966 3711; baseline -0.009 -14"><span class='ocrx_word' id='word_1_238' title='bbox 184 3692 190 3697; x_wconf 77' lang='grc'><strong>,</strong></span> <span class='ocrx_word' id='word_1_239' title='bbox 257 3632 382 3693; x_wconf 83' lang='lat' dir='ltr'><strong>Ridebat</strong></span> <span class='ocrx_word' id='word_1_240' title='bbox 407 3652 507 3711; x_wconf 85' lang='lat' dir='ltr'><strong>curas,</strong></span> <span class='ocrx_word' id='word_1_241' title='bbox 533 3652 669 3694; x_wconf 90' lang='lat' dir='ltr'><strong>necnon</strong></span> <span class='ocrx_word' id='word_1_242' title='bbox 694 3644 722 3693; x_wconf 93' lang='lat' dir='ltr'><strong>et</strong></span> <span class='ocrx_word' id='word_1_243' title='bbox 746 3635 851 3711; x_wconf 81' lang='lat' dir='ltr'><strong>gaudia</strong></span> <span class='ocrx_word' id='word_1_244' title='bbox 876 3634 966 3709; x_wconf 83' lang='lat' dir='ltr'><strong>vulgi,</strong></span> 
     </span>
     <span class='ocr_line' id='line_1_39' title="bbox 257 3716 1112 3799; baseline -0.002 -22"><span class='ocrx_word' id='word_1_245' title='bbox 257 3716 402 3777; x_wconf 84' lang='lat' dir='ltr'><strong>Interdum</strong></span> <span class='ocrx_word' id='word_1_246' title='bbox 425 3726 454 3777; x_wconf 88' lang='lat' dir='ltr'><strong>et</strong></span> <span class='ocrx_word' id='word_1_247' title='bbox 479 3718 639 3799; x_wconf 68' lang='lat' dir='ltr'><strong>lacrimas,</strong></span> <span class='ocrx_word' id='word_1_248' title='bbox 655 3736 740 3797; x_wconf 85' lang='lat' dir='ltr'><strong>quum</strong></span> <span class='ocrx_word' id='word_1_249' title='bbox 761 3718 894 3779; x_wconf 77' lang='lat' dir='ltr'><strong>fortunae</strong></span> <span class='ocrx_word' id='word_1_250' title='bbox 919 3718 983 3795; x_wconf 87' lang='lat' dir='ltr'><strong>ipse</strong></span> <span class='ocrx_word' id='word_1_251' title='bbox 1009 3717 1112 3776; x_wconf 89' lang='lat' dir='ltr'><strong>minaci</strong></span> 
     </span>
     <span class='ocr_line' id='line_1_40' title="bbox 300 3801 1031 3861; baseline 0.001 -2"><span class='ocrx_word' id='word_1_252' title='bbox 300 3821 357 3860; x_wconf 88' lang='lat' dir='ltr'><strong>ruv.</strong></span> <span class='ocrx_word' id='word_1_253' title='bbox 382 3822 442 3861; x_wconf 70' lang='lat' dir='ltr'><strong>sar.</strong></span> <span class='ocrx_word' id='word_1_254' title='bbox 1012 3801 1031 3860; x_wconf 83' lang='lat'>5</span> 
     </span>
    </p>
   </div>
   <div class='ocr_carea' id='block_1_3' title="bbox 0 0 1530 4484">
    <p class='ocr_par' dir='ltr' id='par_1_3' title="bbox 0 0 1530 4484">
     <span class='ocr_line' id='line_1_41' title="bbox 0 0 1530 4484; baseline 0 0"><span class='ocrx_word' id='word_1_255' title='bbox 0 0 1530 4484; x_wconf 95' lang='lat' dir='ltr'><strong> </strong></span> 
     </span>
    </p>
   </div>
  </div>
 </body>
</html>
