3050 4484
647 463 773 512 sarum
793 464 827 511 V.

264 602 430 666 llibus‘l-
446 603 595 680 Οιιιιιιιιιιί,
614 603 699 664 vobis
710 604 785 663 hunc
803 612 932 680 praestat
954 603 1104 679 honorem,

264 689 326 749 Vos
351 689 421 748 estis
442 688 563 749 iratres!
598 687 728 747 dominus
751 695 846 745 tamen
868 696 898 745 et
919 687 1026 751 domini
1045 707 1100 748 rex

265 775 296 834 si
319 774 363 832 vis
386 782 415 832 tu
441 771 520 846 lieri,
544 771 639 832 nullus
654 771 873 848 tibbparvulus
894 771 962 831 aula

263 857 378 916 Luserit
402 855 520 916 Aeneas
545 872 600 914 nec
623 855 681 914 filia
704 844 816 914 dulcio'r
838 855 907 913 illo:

262 940 420 1002 Iucundum
444 950 473 999 et
495 957 591 998 carum
613 939 723 998 sterilis
744 940 815 998 lacit
836 956 911 998 uxor
932 939 1062 998 amicum.

263 1025 323 1085 Sed
346 1021 398 1084 tud
417 1043 492 1083 nunc
511 1022 626 1102 lllygale
649 1025 742 1101 pariat
759 1023 834 1093 ,licet
857 1032 887 1080 et
905 1040 1018 1102 pueros
1040 1031 1100 1083 tres

262 1107 296 1168 ln
319 1111 459 1186 gremium
482 1109 572 1185 patris
595 1107 694 1168 lundat
717 1105 817 1182 simul:
844 1107 909 1183 lpse
931 1106 1049 1185 loquaci
1076 1122 1083 1137 ⁴

263 1192 406 1253 Gaudebit
429 1191 513 1266 nido,
536 1191 656 1251 viridem
678 1183 799 1250 tboraca
821 1189 932 1250 iubebit

235 1317 238 1328 .
263 1276 371 1336 Allerri
393 1277 581 1351 minimasque
604 1293 693 1334 nuces
717 1293 873 1353 assemque
894 1283 1039 1351 rogatum,

263 1359 459 1432 Admensam
481 1361 595 1436 quoties
617 1360 761 1437 parasitus
784 1359 899 1417 venerit
919 1359 1071 1418 inians.—

263 1443 378 1502 Vilibus
401 1443 644 1522 ancipites'fungi
666 1451 811 1520 ponentur
833 1444 943 1516 amicis,

152 1518 157 1527 ’
263 1517 384 1586 Boletus
406 1528 539 1594 dominoi
562 1527 615 1586 sed
637 1526 739 1604 quales
763 1524 901 1585 Claudius
926 1527 985 1586 edit

198 1653 202 1672 .
263 1612 340 1670 Ante
361 1612 442 1670 illum
464 1613 580 1685 uxoris,
608 1619 675 1688 post
700 1627 786 1687 quem
806 1609 845 1670 nil
869 1611 991 1688 amplius
1013 1612 1081 1670 edit.

262 1695 349 1754 Virro
372 1695 427 1755 sibi
450 1705 478 1754 et
501 1695 621 1774 reliquis
641 1694 814 1753 Virronibus
836 1693 887 1753 illa
908 1693 1020 1754 iubebit

263 1780 350 1840 Poma
374 1779 452 1854 dari,
475 1797 596 1858 quorum
618 1779 683 1838 solo
707 1781 836 1856 pascaris
860 1778 968 1845 odore;

264 1864 368 1937 Qualia
390 1873 550 1942 perpetuus
575 1863 736 1925 Phaeacum
760 1872 911 1921 autumnus
933 1862 1070 1937 babebat,

263 1945 394 2008 Credere
419 1965 493 2024 quae
514 1948 610 2024 possis
628 1948 768 2024 subrepta
789 1946 940 2004 sororibus
961 1943 1057 2005 diris:

263 2031 307 2092 'l'u
330 2030 431 2090 scabie
452 2032 557 2090 frueris
579 2029 661 2105 mali,
686 2031 763 2109 quod
781 2032 810 2088 in
832 2047 944 2105 aggere
967 2031 1054 2099 rodit,
1150 2065 1154 2071 ι

263 2113 320 2188 Qui
342 2117 450 2192 tegitur
469 2132 567 2193 parma
589 2123 618 2173 et
639 2114 726 2192 galea
747 2123 938 2190 metuensque
962 2112 1074 2189 flagelli

262 2198 356 2259 Discit
379 2198 415 2257 ab
434 2198 543 2260 hirsuta
568 2198 690 2258 iaculum
713 2207 853 2276 torquere
878 2196 1003 2276 capella.

262 2281 397 2341 Forsitan
417 2285 565 2360 impensae
587 2282 740 2341 Virronem
761 2300 888 2360 parcere
909 2279 1036 2341 credas?

262 2365 327 2425 Hoc
350 2367 426 2442 agit,
452 2376 483 2425 ut
505 2365 620 2432 doleas:
646 2383 711 2424 nam
733 2383 809 2443 quae
830 2367 999 2442 comoedia,
1024 2366 1125 2424 mimus

263 2449 335 2522 Quis
357 2449 461 2510 melior
484 2449 618 2527 plorante
638 2447 728 2525 gula?
752 2465 825 2525 ergo
848 2453 942 2510 omnia
964 2450 1045 2525 liunt,

263 2533 429 2608 sinestra,
456 2543 487 2592 ut
510 2549 565 2612 per
587 2532 720 2592 lacrimas
744 2532 895 2593 effundere
916 2533 1004 2595 bilem

262 2616 386 2694 cogaris
408 2629 572 2694 pressoque
595 2617 642 2692 diu
665 2616 789 2676 stridere
811 2618 923 2677 molari.
1102 2632 1108 2647 ¹
1201 2625 1254 2679 160

262 2701 305 2760 'lu
329 2701 380 2760 tibi
401 2701 477 2761 liber
498 2701 585 2761 bomo
610 2708 640 2758 et
660 2703 740 2777 regis
762 2703 885 2762 conviva
906 2704 1031 2764 videris:

264 2784 386 2863 Captum
410 2795 440 2845 te
461 2785 563 2844 nidore
585 2801 656 2844 suae
679 2793 760 2862 putat
781 2786 833 2844 illa
856 2787 970 2847 culinae

261 2869 325 2938 Nec
347 2869 423 2928 male
446 2870 605 2936 coniectat;
654 2870 719 2946 quis
743 2871 819 2928 enim
838 2879 895 2929 tam
916 2871 1024 2944 nudus,
1050 2869 1181 2928 utillum

199 3011 202 3016 .
261 2953 309 3014 bis
331 2954 422 3029 ferat,
449 2951 718 3030 Etruscum'puero
740 2955 766 3011 si
788 2946 911 3029 contigit
932 2971 1030 3012 aurum
1127 3003 1131 3013 .

261 3035 319 3096 Vel
339 3037 432 3096 nodus
456 3047 563 3098 tantum
586 3045 616 3095 et
638 3036 750 3114 signum
773 3037 810 3095 de
831 3053 961 3114 paupere
985 3035 1072 3097 loro?
1201 3045 1252 3099 165
1336 3030 1338 3033 ’

261 3122 338 3200 Spes
361 3121 437 3180 bene
459 3119 601 3181 coenandi
621 3135 676 3178 uos
699 3120 823 3198 decipit:
849 3138 922 3180 ecce
943 3122 1022 3182 dabit
1043 3125 1098 3182 ianr

262 3207 413 3265 semesum
437 3205 569 3284 leporem
592 3213 680 3282 atque
703 3203 812 3282 aliquid
835 3205 874 3264 de
896 3205 1028 3266 clunibus
1049 3207 1122 3285 apri,

262 3289 308 3348 Ad
332 3305 386 3348 nos
411 3291 466 3348 iam
490 3291 589 3349 reniet
610 3289 703 3348 minor
727 3287 828 3355 altilis;
851 3289 918 3349 inde
940 3299 1042 3368 parato

260 3372 433 3448 lntactoque
455 3389 554 3433 omnes
576 3382 605 3432 et
625 3373 726 3432 stricto
748 3390 825 3450 pane
843 3375 956 3433 tacetis.

261 3456 315 3516 llle
338 3457 430 3533 sapit,
457 3459 557 3534 quite
580 3458 623 3516 sic
648 3459 755 3518 utitur:
796 3460 892 3516 omnia
911 3459 991 3517 ierre
1199 3460 1249 3516 rto

134 3605 140 3618 ,
263 3543 294 3598 Si
308 3547 406 3615 potes,
432 3549 462 3599 et
487 3539 598 3600 debes:
620 3540 791 3618 pulsandum
814 3543 927 3601 vertice
946 3559 1016 3601 raso

261 3623 421 3684 Praebebis
443 3625 616 3704 quandoque
639 3634 725 3701 caput
744 3643 801 3684 nec
821 3626 894 3685 dura
914 3626 1030 3686 timebis

261 3703 368 3785 Flagra
391 3710 468 3788 pati,
492 3709 537 3769 his
560 3706 653 3785 epulis
677 3717 706 3767 et
728 3709 780 3768 tali
804 3709 906 3785 dignus
930 3710 1038 3771 amico!

613 3803 829 3812 —-——.-...
837 3805 887 3810 -
