3050 4484
634 505 760 554 sannas
776 493 834 553 m.
1122 559 1128 564 ,
1189 496 1229 556 lt

240 647 338 725 Atque
362 645 456 707 obiter
479 645 561 722 leget
582 655 631 706 aut
651 644 761 704 scribet
782 645 833 704 vel
853 643 978 704 dormiet
998 645 1110 713 lutose

238 731 371 808 Namque
393 730 462 789 facit
483 747 612 790 somnum
628 729 728 790 clause
748 728 854 788 lectica
876 729 1014 788 fesenra.

241 815 317 875 Ante
337 824 432 874 tamen
452 815 563 874 veniet:
586 811 669 874 nobis
692 812 917 892 properantibus
939 811 1035 874 obstet

113 893 119 920 '
242 897 322 960 Unda
343 900 441 976 prior,
464 913 570 975 mmo
592 897 719 977 populos
741 898 848 975 premit
866 898 980 973 agmine
1001 896 1126 974 lumbos,

239 981 296 1055 Qui
316 983 459 1060 sequitur:
482 982 550 1042 ferit
571 981 618 1042 bic
637 979 753 1057 cubito,
774 981 842 1041 ferit
864 996 965 1040 assere
988 980 1061 1039 duro
1174 991 1228 1046 245

239 1065 340 1139 Alter,
362 1075 391 1125 at
412 1065 459 1125 bic
481 1068 589 1142 tignum
607 1066 694 1144 copiti
713 1066 832 1139 incutit,
850 1064 903 1124 ille
925 1073 1085 1128 metretam.

132 1191 136 1198 ι
239 1149 360 1225 Pinguia
382 1165 466 1209 crnrs
488 1149 563 1218 loto;
587 1149 685 1227 planta
704 1166 774 1208 mox
792 1148 919 1226 usrlique
939 1163 1043 1222 magna

240 1231 349 1292 Galcor
368 1241 397 1290 et
416 1234 445 1290 in
466 1233 556 1308 digito
580 1232 680 1292 clevos
702 1232 770 1291 inibi
789 1231 887 1290 militis
908 1230 1022 1290 haeret.

150 1367 153 1386 ,
239 1316 342 1374 Nonne
364 1315 463 1390 vides,
485 1323 592 1394 quanto
615 1314 782 1374 celebretur
804 1313 936 1392 sportula
956 1311 1056 1373 fumo?
1159 1339 1162 1344 ·

112 1397 114 1422 '
239 1397 363 1458 Centum
385 1400 544 1474 convivae,
568 1399 699 1475 sequitur
716 1415 768 1456 soa
789 1415 932 1476 quemque
955 1398 1060 1457 colina.
1176 1401 1236 1462 seo

239 1481 370 1542 Corbulo
392 1484 441 1540 vix
462 1482 554 1541 ferret
575 1490 619 1540 tot
641 1497 712 1540 vosa
729 1483 875 1557 ingentio,
897 1490 942 1540 tot
962 1499 1013 1540 rea

237 1566 392 1644 Impositos
414 1567 516 1644 copiti,
542 1583 614 1644 quas
635 1573 719 1624 recto
740 1567 853 1627 verice
873 1573 972 1642 portat

112 1675 113 1684 ¹
239 1649 379 1710 servulos
400 1649 502 1708 infelix
524 1659 553 1708 et
573 1667 660 1709 cursu
682 1647 805 1707 ventilat
822 1650 928 1724 ignem.

239 1732 414 1793 Scindentur
432 1733 552 1792 tunicae·
569 1741 666 1792 sertae
688 1731 793 1799 modo:
816 1732 902 1808 longa
924 1741 1063 1792 coruscat
1186 1764 1194 1779 ι

238 1817 363 1876 Serraoo
384 1818 521 1876 veniente
542 1815 640 1891 abies,
664 1825 751 1894 atque
773 1815 864 1875 ultera
885 1817 982 1893 pinum
1176 1827 1230 1882 255
1307 1903 1312 1910 1

112 1939 116 1960 .
237 1899 368 1960 Plaustro
389 1899 511 1966 vehunt;
534 1907 634 1960 nutant
656 1899 714 1958 alte
732 1899 902 1977 populoque
924 1900 1076 1959 minantur.

236 1982 310 2042 Naro
332 1984 356 2042 si
378 1982 549 2062 procubuit,
572 1986 621 2061 qui
643 2001 714 2043 sexa
735 1982 882 2059 Ligustica
904 1991 1002 2060 portat

237 2067 329 2144 Axis,
350 2075 540 2131 eteversom
561 2067 633 2127 fodit
655 2084 745 2144 super
766 2068 879 2142 agmine
899 2075 1038 2141 montem,
1128 2062 1130 2069 ’

111 2139 112 2170 ³
237 2150 314 2224 Quid
337 2145 483 2230 sup‘e‘rest‘
496 2151 532 2211 de
551 2147 745 2230 corporibus?
768 2150 832 2226 quis
851 2148 995 2223 membra,
1014 2151 1079 2226 qnfs
1101 2166 1169 2210 ossa
1236 2134 1238 2137 ⁵

236 2232 372 2294 Invenit?
399 2235 534 2296 obtritum
556 2233 635 2310 volgi
656 2235 732 2312 perit
753 2250 838 2292 omne
852 2233 989 2292 cadaver
1115 2275 1123 2290 ι
1175 2243 1229 2296 260

237 2317 320 2376 bione
342 2319 467 2387 animae;
490 2318 591 2377 domos
613 2319 725 2376 interea
746 2334 852 2376 secura
873 2315 999 2394 patellas

237 2401 296 2460 lom
318 2401 396 2460 lavot
418 2411 448 2461 et
469 2401 563 2460 bucca
585 2399 713 2460 foculum
735 2402 895 2459 excitatet
915 2408 1002 2458 sonat
1023 2399 1116 2460 unctis

237 2484 394 2560 Striglibus
417 2493 447 2544 et
468 2483 556 2563 pleno
581 2485 728 2562 componit
748 2483 957 2560 lintea-gntto!

235 2568 317 2626 Hoec
340 2569 414 2628 inter
433 2585 542 2647 pueros
564 2569 645 2628 varie
666 2577 875 2647 properentur:
897 2566 998 2626 atille

235 2651 302 2720 lom,
314 2652 398 2712 sedet
419 2655 448 2712 in
469 2655 532 2730 ripa
554 2661 718 2730 tetrumque
740 2653 872 2711 novicius
894 2650 997 2710 horret
1176 2663 1227 2717 266

236 2735 406 2811 Porthmes‚
428 2753 484 2796 nec
507 2745 607 2814 sperat
630 2738 750 2796 coenosi
772 2736 896 2812 gurgitis
917 2734 1014 2795 alnum

235 2819 361 2894 Infelix,
383 2838 439 2879 nec
461 2818 549 2880 bobet
572 2835 657 2898 qoeur
678 2821 812 2898 porrigat
830 2835 883 2878 ore
901 2818 1046 2878 trientem.

279 2901 407 2982 Respice
427 2921 502 2963 nunc
525 2903 580 2962 alia
603 2921 638 2962 ac
660 2905 776 2965 diversa
795 2902 928 2982 pericula
949 2903 1060 2961 noctis:

236 2985 323 3060 Quod
346 2985 469 3066 spatium
490 2989 577 3045 tectis
598 2986 785 3061 sublimibus,
811 2985 888 3044 unde
911 2984 1063 3045 cerebrum

235 3070 325 3131 'festa
348 3072 431 3146 ferit,
456 3071 571 3148 quoties
594 3071 700 3128 rimosa
718 3079 747 3129 et
769 3077 850 3128 corta
873 3068 1010 3128 fenestris
1176 3079 1228 3133 270
1342 3121 1346 3132 .

218 3154 314 3222 ,Vasa
336 3155 455 3223 codunt;
478 3163 584 3232 quanto
606 3169 777 3231 percussum
797 3151 930 3230 pondere
952 3154 1069 3231 signent

234 3237 276 3298 Et
291 3239 405 3299 laedant
424 3239 544 3298 silicem.
590 3235 690 3297 Possis
711 3239 833 3314 ignarus
855 3235 956 3297 heberi

111 3339 113 3354 ·
234 3321 274 3381 Et
296 3321 382 3382 subiti
405 3339 489 3381 casas
512 3320 705 3399 improvidas,
728 3320 766 3380 ad
788 3337 911 3381 coenam
928 3321 955 3380 ai
1012 3329 1015 3336 '

176 3413 180 3416 ’
234 3403 391 3465 Intestatus
412 3421 478 3473 eas;
501 3405 574 3474 adeo
595 3414 640 3464 ‘tot
662 3403 736 3480 fatu,
761 3414 833 3482 quot
855 3405 905 3464 illa

234 3487 331 3548 Nocte
349 3497 448 3566 patent
469 3489 574 3564 vigiles
597 3498 626 3547 te
647 3497 854 3566 praetereunte
875 3489 1034 3550 fenestrae.
1175 3495 1227 3550 27⁵

233 3571 317 3648 Ergo
338 3581 423 3650 optes
443 3580 600 3648 votumque
623 3573 703 3631 feras
722 3572 891 3632 miserabile
910 3582 1017 3648 tecum,
1094 3635 1103 3644 ,

233 3654 274 3715 Ut
295 3657 351 3714 sint
371 3663 525 3714 contentae
548 3655 662 3732 petulas
684 3655 844 3716 defundere
867 3655 980 3734 pelves.
1046 3700 1049 3704 -
1072 3690 1075 3694 -

232 3737 341 3799 Ebrios
364 3757 398 3798 ac
417 3739 567 3818 petulans,
591 3740 639 3818 qni
660 3740 770 3800 nullum
789 3741 866 3810 forte
888 3739 1003 3816 cecidit,

278 3843 333 3881 ruv.
350 3843 410 3882 ann.
514 3827 519 3838 “
1028 3834 1046 3887 2
