3050 4484
622 438 830 488 PRAEFATIO.
1130 437 1221 486 xxlx

228 634 232 644 ,
244 585 341 640 Iahnius
354 584 432 638 maor
444 583 552 652 scripsit,
569 583 645 638 tuitus
661 598 716 636 sum
725 582 816 636 Vindio.
829 597 853 652 p.
867 584 913 655 143
925 581 1010 636 eodem
1020 596 1077 635 uero
1089 587 1187 640 auctore
1196 596 1220 638 r.

247 672 297 726 106
306 667 359 738 foro
369 675 424 722 eota
434 683 477 736 pro
495 669 587 720 iooeout
603 666 705 720 libenter
721 666 845 734 rescripsi,
864 680 910 718 nee
926 681 949 718 v.
960 667 1115 721 118—121
1131 665 1221 718 rectius

245 751 338 804 consuli
348 750 473 806 arbitratus
487 765 549 814 sum,
561 764 632 820 quam
643 757 670 804 ut
686 755 780 804 servato
791 749 875 818 optimi
886 748 976 803 codicis
986 746 1068 801 ordine
1079 746 1153 802 lahnii
1163 763 1222 802 oon-

245 835 360 891 ieoturam
371 841 418 888 trun
428 834 465 888 vel
474 849 517 904 pro
528 839 583 888 tuno
594 840 641 896 eat,
662 832 808 886 Lachmanni
824 849 880 886 omre
889 832 925 886 sis
936 847 979 900 pro
989 830 1069 884 omnm
1078 832 1220 900 reciperem,

246 932 389 988 quamquam
400 917 430 972 de
439 917 536 987 reliquis
546 931 576 973 ne
586 915 610 970 hi
621 915 716 988 quidem
727 916 798 985 plane
814 915 874 969 mibi
883 915 1058 969 satisfecerrmt.
1086 912 1137 968 Noe
1146 920 1219 979 rorte.

192 1045 196 1050 .
245 1000 309 1072 quod
326 1016 350 1053 v.
366 1005 415 1058 121
427 1016 457 1054 ex
467 1002 545 1069 priore
556 999 619 1055 Pith.
631 1015 703 1054 manu
720 999 883 1059 retinuerunt,
900 999 947 1052 iam
957 997 1028 1051 buius
1039 999 1223 1054 correctorium

244 1099 289 1138 suo
306 1085 329 1136 in
340 1100 396 1137 oum
412 1091 518 1138 mutasse
534 1084 639 1147 videtur,
657 1099 704 1154 quo
724 1083 822 1136 demum
839 1083 903 1136 laeto
922 1083 984 1136 iusta
1001 1096 1057 1135 oum
1067 1083 1222 1151 sequentibus

245 1168 354 1221 iunctura
365 1181 408 1236 por
419 1167 584 1238 gradationem
595 1167 707 1228 simitum
719 1181 797 1236 neque
807 1174 833 1220 ut
843 1166 873 1220 ad
883 1183 939 1220 eave
950 1166 1039 1220 reterre
1048 1165 1126 1236 magis
1138 1165 1221 1220 dubito

246 1265 317 1320 quam
328 1250 412 1304 Cioero
429 1251 545 1305 dubitavit
556 1249 626 1304 Otfic.
643 1251 663 1303 l.
676 1254 710 1308 39
721 1249 808 1320 aliique
819 1249 881 1319 apud
891 1248 969 1302 Pena·
980 1249 1010 1304 ad
1027 1246 1108 1302 Sauot.
1121 1264 1146 1317 p.
1159 1252 1218 1314 985.

246 1333 333 1402 quibus
349 1332 409 1386 adde
425 1335 545 1387 oomieum
559 1334 622 1402 apud
639 1324 729 1388 Charis.
748 1349 773 1402 p.
790 1336 858 1393 146ς
875 1333 970 1402 spurios
986 1339 1067 1386 autem
1084 1332 1221 1402 priusquam

245 1415 355 1486 singulos
368 1430 451 1470 versus
469 1413 585 1478 iudicem,
603 1417 677 1470 totius
693 1417 740 1470 looi
759 1423 867 1470 tenorem
883 1417 907 1470 iu
920 1416 1117 1489 disceptationem
1127 1431 1220 1480 rocem

246 1513 317 1570 quem
329 1499 365 1552 sie
374 1500 477 1553 maxime
487 1499 572 1553 vellem
582 1499 644 1567 apud
654 1499 781 1568 probatum
790 1506 878 1553 testem
887 1499 1002 1568 seriptum
1013 1499 1126 1554 inueniri:

329 1581 418 1636 ideireo
441 1589 468 1637 ut
488 1583 584 1654 linquas
601 1589 745 1636 condemnere
760 1583 931 1652 moetoipioown

312 1659 315 1666 ’
326 1666 422 1736 ροεθίε,Ι
442 1667 525 1738 linque
535 1667 593 1720 med
600 1682 700 1739 nomque
711 1673 813 1736 estpars
821 1667 926 1736 poesim
936 1667 1007 1720 aeui.

241 1748 272 1803 V.
286 1749 542 1814 respondentes,
560 1751 659 1804 loentum
675 1749 773 1805 Iahnius
783 1764 805 1804 o.
817 1749 966 1811 Heinriebio.
982 1749 1222 1819 brantosmense}

243 1838 338 1902 praeter
348 1835 529 1900 nenessitatem,
541 1849 615 1904 quum
626 1834 736 1890 lecticam
748 1834 820 1888 etiam
831 1833 934 1889 conduci
942 1835 1038 1888 solitam
1053 1848 1107 1888 esse
1116 1831 1156 1887 Vl.
1169 1836 1222 1889 352

243 1917 354 1988 legamus
361 1933 369 1980 ;,
378 1932 456 1988 neque
466 1917 525 1974 illud
536 1917 628 1981 obstat,
640 1917 702 1992 quod
714 1918 833 1972 Naevolus
843 1916 901 1971 mox
915 1918 1058 1972 caelatorum
1068 1924 1093 1971 et
1104 1917 1222 1987 pictorem

244 1999 390 2054 domesticos
407 2000 495 2055 habere
511 2003 590 2072 eupit;
611 2002 635 2054 bi
652 2003 715 2056 euim
732 2002 856 2056 domiuum
873 2001 940 2054 alunt
953 2001 1033 2069 potius
1050 2015 1123 2069 quam
1140 2001 1221 2054 abillo

245 2084 351 2146 aluntur,
371 2084 485 2140 lectio-arii
502 2085 578 2140 multo
595 2086 688 2140 minore
704 2085 811 2152 impensa
829 2083 995 2138 conducuntur
1009 2097 1081 2153 quam
1097 2083 1163 2136 domi
1180 2098 1223 2152 pa·

242 2172 351 2222 suuntur.
430 2217 438 2225 .

328 2250 380 2304 Lib.
392 2249 432 2306 lV.
444 2249 494 2304 Sat.
505 2251 536 2304 X.
547 2267 571 2304 v.
579 2254 613 2308 55
626 2251 690 2320 quod
700 2251 807 2304 incerare
817 2264 873 2302 oum
883 2248 957 2311 libris,
972 2263 1021 2301 non
1034 2263 1090 2302 oum
1100 2247 1222 2318 Madvigio
1286 2282 1289 2287 ·

243 2333 357 2387 otlabnio
365 2334 468 2388 ioeorote
478 2335 568 2402 scripsi,
580 2333 671 2389 Vindio.
679 2349 704 2402 p.
713 2336 746 2389 16
754 2332 862 2400 pluribus
870 2331 1016 2385 vindicatum
1022 2337 1072 2392 est;
1085 2330 1222 2402 ibidemque

243 2432 268 2470 v.
279 2407 392 2472 blo'oint
402 2431 445 2485 pro
456 2423 511 2470 aunt
524 2423 549 2470 et
559 2433 582 2471 v.
594 2419 645 2473 365
656 2415 719 2470 otoo
730 2429 774 2483 pro
784 2414 854 2468 luben
864 2414 988 2468 Pithoeaui
1004 2420 1070 2467 certe
1080 2415 1222 2470 auctoritate

244 2499 357 2563 deleudi;
370 2500 471 2554 eundem
485 2501 669 2556 temanum-70
680 2497 798 2554 indicibus
809 2504 851 2551 aut
859 2514 883 2551 v.
891 2501 926 2555 93
935 2503 1036 2568 mpuato
1045 2497 1173 2553 scribendo
1184 2514 1222 2553 se·

240 2598 338 2660 queror,
349 2599 380 2637 ne
386 2581 460 2637 labnii
467 2583 563 2654 quidem
569 2583 705 2652 exemplum
712 2582 794 2656 movit,
806 2596 882 2635 neor.
891 2582 977 2639 bilin
984 2596 1081 2654 oorpore
1091 2588 1163 2636 autu.
1170 2585 1223 2640 326

244 2667 338 2738 reprdso
349 2667 406 2722 huie
417 2667 667 2725 eoncedendumduxi.
685 2667 732 2720 Pro
738 2665 857 2720 iodioiboo
867 2666 914 2720 iam
923 2665 1223 2722 seeurndamauusindieira

245 2751 356 2814 restituit.
367 2765 413 2805 neo
423 2751 494 2805 facile
504 2751 632 2822 intelligas,
648 2750 769 2821 quomodo
777 2750 868 2804 delator
879 2750 937 2803 alios
946 2755 1068 2819 praeterea
1078 2750 1171 2805 lodioea
1181 2753 1223 2806 ad·

244 2833 339 2900 dibeat,
356 2835 395 2906 qui
413 2851 462 2889 non
478 2850 535 2888 mox
552 2834 644 2888 testium
659 2835 756 2888 nomine
773 2833 1017 2903 eomprehendantur3
1034 2834 1127 2889 iudaea
1143 2841 1222 2889 aulem

245 2932 301 2972 oum
311 2917 407 2973 tentibus
418 2919 500 2974 innota
517 2918 565 2973 duo
581 2918 620 2972 illa
639 2918 806 2986 probationum
821 2931 910 2987 genera
925 2917 1047 2982 referunt,
1060 2933 1121 2990 quae
1130 2924 1224 2973 veteres

142 3011 146 3018 '
241 2993 369 3068 dvalmo
382 3009 406 3056 et
415 2994 528 3070 ἀτέχνου
540 2994 694 3060 mundusne
704 3001 828 3056 vocabulis
839 3001 1023 3070 descripserunt,
1036 3002 1159 3072 multoque
1167 3019 1223 3072 pro·

245 3084 329 3138 clivior
339 3100 352 3137 a
362 3085 445 3158 mbos
456 3087 485 3140 ad
495 3083 614 3140 indicibus
630 3084 710 3154 lapsus
721 3085 779 3147 suit,
798 3083 871 3155 quam'
886 3085 1009 3140 librarium
1020 3086 1049 3140 ab
1059 3084 1179 3140 iuditibus
1193 3087 1224 3141 ad

246 3168 345 3222 doctum
360 3169 418 3224 illud
432 3169 574 3225 indioiotaon
590 3169 718 3224 discrimen
734 3168 856 3223 aberrasse
870 3176 1057 3224 consentaneum
1072 3170 1113 3223 sit.
1147 3170 1175 3226 V.
1188 3173 1223 3228 93

245 3259 369 3322 mapulam
379 3251 522 3321 Caprearum
539 3267 624 3322 rupem
635 3253 676 3323 qui
687 3253 846 3321 suumomni,
862 3253 964 3307 ironiam
976 3259 1137 3324 captaverunt
1150 3268 1223 3324 quam

246 3341 326 3388 tamen
342 3349 420 3405 neque
436 3335 461 3389 in
476 3337 559 3391 tutoris
569 3336 686 3391 uocabulo
701 3351 779 3406 neque
794 3337 818 3390 in
836 3353 907 3407 prope
918 3335 1036 3392 Cloldoeo
1053 3338 1222 3408 agnoscimus;

246 3417 335 3488 exigua
345 3418 421 3488 igitur
431 3421 562 3474 mutat-ione
574 3435 629 3474 cum
635 3419 759 3488 Rupertio.
775 3419 919 3482 lleimiebio.
927 3421 1033 3499 Webero
1043 3427 1146 3492 deporto
1154 3435 1223 3490 prae-

225 3535 228 3550 .
245 3501 306 3564 tuli,
325 3501 388 3572 quod
409 3502 481 3556 etiam
497 3503 549 3557 siue
559 3505 690 3559 multorum
707 3503 816 3557 oodioum
833 3503 971 3558 adiumento
982 3504 1119 3558 oonieetura
1129 3505 1223 3576 assequi

244 3583 347 3646 dicebam
362 3584 493 3656 eademque
503 3601 574 3641 eausa
585 3594 621 3640 est
630 3603 654 3641 v.
665 3585 725 3650 217,
737 3587 779 3640 ubi
790 3587 817 3640 io
827 3593 882 3656 post
892 3588 939 3641 inu
950 3588 1021 3641 simili
1033 3587 1083 3642 eius
1095 3589 1169 3643 errori
1178 3588 1222 3642 tri·

245 3666 308 3730 buo,
320 3669 360 3739 qui
370 3670 442 3724 otiam
452 3685 475 3724 v.
488 3673 530 3726 36.
541 3667 575 3725 at
586 3677 641 3738 post
647 3677 781 3740 praetorem
792 3676 817 3724 et
826 3669 945 3724 mollimen
957 3671 1158 3740 praepositionem
1167 3687 1223 3742 per·

238 3765 328 3822 peram
341 3753 449 3815 intrusit:
461 3753 540 3808 solum
553 3759 617 3807 oerte
623 3753 752 3808 ablativum
764 3755 789 3809 in
804 3754 856 3823 pari
867 3755 1044 3808 oonstruotione
1056 3755 1171 3809 babemus
1180 3755 1222 3811 vt.
