3050 4484
293 460 354 523 too
622 471 657 518 u.
674 470 744 519 run.
762 469 947 519 musalms

293 614 343 673 Sic
366 612 468 691 aliquis
492 613 592 671 merito
613 611 737 671 nondum
759 608 857 670 ebrius
881 616 911 668 et
932 609 1075 667 minimum
1094 608 1145 686 qui

292 696 338 757 De
360 694 527 770 Corcyraea
550 704 686 753 temetum
710 694 833 755 duxerat
853 697 937 758 adnm
1244 700 1282 755 tt>
1389 725 1392 729 ·

294 780 380 840 Solus
404 781 477 838 enim
491 777 565 839 baec
578 776 692 839 Ithacus
715 778 795 838 nullo
817 776 870 837 sub
891 784 968 835 teste
992 773 1124 835 canebat.

293 863 356 923 Nos
380 862 507 923 miranda
531 862 663 941 quidem,
689 862 741 922 sed
765 878 859 939 nuper
879 858 1000 919 consule
1023 856 1112 917 lunco

188 994 195 1003 .
295 947 384 1010 Gesta
406 964 496 1023 super
518 944 630 1005 calidae
652 946 815 1007 referemus
836 945 950 1003 moenia
972 940 1070 1019 Copti,

293 1028 355 1090 Nos
377 1030 457 1107 vulgi
481 1029 578 1089 scelus
602 1039 632 1089 et
654 1030 765 1091 cunctis
786 1029 922 1107 graviora
944 1026 1101 1087 cothurnis.
1205 1051 1210 1057 ·

293 1113 365 1174 Nam
382 1114 495 1185 scelus,
515 1112 652 1188 aPyrrba
672 1130 842 1193 quamquam
862 1112 955 1170 omnia
975 1118 1099 1185 syrmata
1119 1108 1232 1182 volvas,
1244 1116 1282 1169 30

293 1196 396 1257 Nullus
420 1198 495 1276 apud
517 1199 646 1273 tragicos
669 1196 794 1275 populus
817 1196 902 1263 facin
926 1195 1048 1272 accipe,
1072 1200 1172 1251 nostro

292 1280 363 1341 Dira
386 1282 464 1360 quod
485 1281 649 1359 exemplum
671 1281 773 1340 ieritas
794 1279 966 1358 produxerit
986 1293 1070 1336 aevo.

337 1365 415 1425 lnter
441 1365 575 1425 finitimos
597 1374 682 1425 vetus
709 1374 796 1442 atque
822 1364 938 1441 antiqua
960 1360 1101 1434 simultas,

294 1448 458 1509 immortale
486 1448 581 1530 odium
603 1458 632 1507 et
654 1466 805 1527 numquam
829 1445 960 1507 sanabile
981 1446 1084 1504 uulnus

295 1532 389 1593 Ardet
410 1531 518 1606 adbuc,
543 1530 651 1591 Ombos
678 1542 707 1591 et
729 1530 865 1607 Tentyra.
900 1531 1031 1589 Summus
1053 1528 1193 1603 utrimque
1244 1535 1281 1587 35

294 1616 365 1675 lnde
385 1615 465 1675 furor
487 1616 594 1691 vulgo,
617 1616 692 1695 quod
711 1617 824 1675 numina
850 1614 1010 1673 vicinorum

296 1698 363 1758 Odit
387 1709 509 1777 uterque
533 1698 634 1773 locus,
659 1718 745 1778 quum
768 1699 850 1758 solos
875 1697 974 1757 credat
997 1694 1147 1755 habendos

295 1780 373 1841 Esse
396 1782 483 1856 deos,
508 1798 581 1859 quos
604 1785 667 1859 ipse
691 1782 770 1841 colit.
803 1782 864 1841 Sed
884 1791 1016 1859 tempore
1039 1778 1115 1839 festo

295 1865 425 1925 Alterius
449 1864 550 1943 populi
572 1866 712 1943 rapienda
734 1868 852 1925 occasio
877 1866 987 1923 cunctis

294 1946 366 2008 Visa
389 1949 574 2009 inimicorum
588 1948 762 2027 primoribus
784 1968 818 2008 aa
842 1947 978 2022 ducibus,
1002 1965 1039 2005 ne
1246 1953 1282 2006 40

295 2031 414 2093 Laetum
436 2032 614 2109 hilaremque
637 2032 730 2108 diem,
753 2052 790 2092 nc
814 2050 936 2111 magnae
956 2032 1060 2107 gandia
1082 2047 1193 2091 coenae

297 2117 459 2192 Sentirent,
482 2118 586 2195 positis
608 2116 644 2177 ad
667 2117 775 2197 templa
799 2126 828 2177 et
850 2116 974 2193 compita
996 2116 1104 2173 mensis

296 2198 502 2279 Pervigilique'
518 2210 599 2275 toro,
624 2218 708 2278 quem
734 2208 821 2260 nocte
845 2219 879 2260 ac
902 2198 968 2257 luce
991 2200 1133 2257 iacentem

297 2284 442 2361 Septimus
465 2284 606 2343 interdum
628 2284 674 2343 sol
696 2286 812 2342 invenit.
841 2282 965 2343 Horrida
987 2299 1057 2340 sane
1088 2335 1093 2345 .

297 2366 468 2444 Aegyptus,
496 2368 548 2427 sed
575 2367 703 2441 luxuria,
727 2377 860 2445 quantum
886 2369 951 2444 ipse
973 2367 1080 2440 notavi,

296 2448 424 2509 Barbara
445 2448 557 2509 famoso
581 2468 638 2509 uon
661 2451 738 2511 cedit
760 2451 843 2511 turba
868 2448 999 2527 Canopo.

296 2532 403 2607 Adde,
426 2533 503 2611 quod
526 2535 669 2594 etfacilis
692 2536 814 2595 victoria
836 2536 872 2594 de
895 2532 1014 2593 madidis
1039 2542 1069 2592 et

297 2616 410 2676 Blaesis
435 2626 521 2695 atque
545 2636 625 2677 mero
648 2618 850 2685 timbantibus:
873 2618 941 2677 inde
962 2618 1089 2676 virorum

298 2700 424 2759 Saltatus
447 2702 530 2777 nigro
552 2699 687 2776 tibicine,
711 2701 932 2780 qualiacumque

212 2804 223 2809 ·
296 2782 450 2859 Unguenta
476 2794 505 2843 et
527 2784 615 2843 liores
636 2786 802 2864 multaeque
824 2786 852 2843 in
874 2786 968 2844 fronte
992 2800 1135 2850 coronae;

296 2865 369 2925 llinc
394 2866 518 2926 ieiunum
543 2868 647 2927 odium.
682 2868 740 2929 Sed
765 2870 857 2945 iurgia
879 2868 969 2947 prim'a
991 2885 1097 2927 sonare

297 2949 439 3027 Incipiunt
464 2952 562 3011 animis
586 2952 768 3027 ardentibus,
791 2952 865 3013 baec
887 2950 955 3011 tuba
977 2952 1074 3017 rixam

296 3030 373 3091 Dein
395 3034 522 3094 clamore
545 3037 609 3113 pari
632 3039 829 3111 concurritur,
856 3046 886 3095 et
906 3037 971 3094 vice
993 3035 1044 3114 teli
1149 3066 1154 3073 -

296 3116 398 3175 Saevit
420 3118 494 3177 nuda
516 3137 627 3189 manum
651 3138 762 3199 paucae
786 3122 848 3179 sine
870 3119 991 3179 vulnere
1013 3117 1116 3194 malac,

297 3199 354 3259 Vix
378 3201 509 3279 cuiquam
532 3210 580 3261 aut
600 3204 669 3263 nulli
690 3214 752 3264 toto
778 3205 933 3265 certamine
956 3217 1040 3261 nasus

297 3283 431 3359 Integer,
455 3287 604 3365 aspiceres
626 3289 680 3348 iam
704 3299 805 3348 cuncta
826 3306 880 3365 per
901 3286 1013 3362 agmina
1036 3286 1150 3346 vultus,

297 3365 456 3443 Dimidios,
480 3369 555 3453 ‘alias
580 3370 671 3431 facies
694 3380 722 3431 et
745 3372 850 3431 hiantia
875 3372 967 3447 ruptis

298 3448 374 3509 Ossa
395 3454 494 3529 genis,
518 3454 623 3530 plenos
646 3456 795 3514 oculorum
817 3456 956 3531 sanguiue
978 3472 1102 3531 pugnos.

295 3532 411 3593 Ludere
436 3553 469 3595 se
494 3536 613 3595 credunt
634 3539 689 3615 ipsi
712 3546 807 3596 tamen
833 3547 863 3597 et
884 3537 1013 3617 pueriles

295 3614 450 3677 Exeruere
472 3620 567 3695 acies,
584 3622 666 3698 'quod
687 3622 766 3679 nulla
789 3622 930 3681 cadavera
952 3622 1080 3687 calcent:
1246 3628 1286 3684 oo

295 3696 337 3758 Et
356 3716 426 3761 sane
449 3718 506 3781 quo
529 3712 572 3763 tot
593 3706 712 3765 rixantis
733 3701 822 3787 miliat,
847 3705 961 3781 turbae,
1047 3756 1050 3759 ,
