3050 4484
280 471 322 533 tt
585 484 637 533 o.
660 482 730 531 tun.
754 483 939 531 momunms

279 622 345 683 Non
366 640 441 701 quae
462 628 586 681 ventoso
609 623 751 683 conducta
770 623 824 683 snb
844 638 954 700 aggere
973 623 1056 681 tcxit.

279 706 342 767 llos
363 704 503 779 humiles,
524 704 636 783 inquis,
657 707 737 783 uulgi
758 724 827 786 pars
850 707 946 765 ultima
967 707 1068 782 nostri,
1121 759 1127 767 .

281 788 408 863 Quorum
428 804 513 848 nemo
535 798 622 867 queat
644 791 765 868 patriam
786 798 947 849 monstrare
970 791 1114 867 parentis:
1230 802 1274 859 4⁵.

279 872 334 932 Ast
356 888 413 948 ego
435 868 673 949 Cecropidesl-
686 873 777 934 Vitas
789 884 820 934 et
833 876 953 952 originis
967 871 1050 933 buius

280 954 389 1016 Gaudia
406 954 494 1032 longa
512 954 606 1015 ieras:
629 965 724 1016 tamen
745 958 801 1017 imai
822 955 911 1035 plebe
932 955 1072 1028 Quiritem

278 1036 442 1099 Facundum
464 1038 709 1107 invenies;,solet
730 1039 778 1100 lric
800 1040 961 1099 defendere
984 1056 1088 1102 causas

278 1120 393 1181 Nobilis
413 1121 536 1188 indocti;
559 1123 638 1195 uenit
657 1132 686 1183 et
708 1122 744 1183 de
768 1122 856 1201 plebe
879 1130 989 1199 togata,

278 1203 335 1279 out
353 1205 421 1264 iuris
443 1204 536 1265 nodos
557 1214 587 1265 et
606 1205 703 1283 legum
725 1206 886 1283 aenigmata
908 1206 1010 1265 solvat.
1229 1220 1265 1272 to

277 1286 332 1348 llic
355 1288 427 1366 petit
445 1286 613 1366 Euphraten
632 1290 744 1349 iuvenis
764 1290 922 1367 domitique
944 1288 1045 1349 Batavi
1100 1318 1107 1329 ³

279 1367 425 1431 Custodes
447 1371 575 1450 aquilas,
598 1374 684 1432 armis
705 1374 876 1434 industrium
895 1381 924 1433 at
944 1381 974 1431 tu

277 1452 325 1514 Nil
347 1455 402 1515 nisi
423 1451 605 1533 Cecropides
624 1464 786 1534 truncoque
811 1457 969 1517 simillimus
991 1455 1125 1516 llermae.

179 1563 183 1572 ·
277 1536 366 1597 Nullo
389 1539 497 1617 quippe
519 1538 576 1599 alio
597 1540 689 1599 vincis
712 1540 892 1616 discrimine,
916 1556 1001 1618 quam
1021 1540 1099 1619 quod

229 1654 240 1668 ν
277 1620 324 1681 llli
343 1637 533 1681 marmoreum
557 1632 643 1701 caput
665 1632 726 1698 est,
748 1632 797 1683 tua
818 1625 890 1683 vivit
910 1624 1016 1699 imago.
1229 1639 1263 1689 55

165 1717 167 1721 ’
277 1704 333 1764 Dic
354 1703 437 1780 mibi,
461 1704 640 1765 Teucrorum
660 1707 778 1784 proles,
798 1707 929 1767 animalia
949 1714 1026 1765 muta

279 1788 350 1860 Quis
367 1804 515 1864 generosa
537 1797 634 1867 putet,
655 1791 709 1849 nisi
729 1788 837 1849 fortia?
855 1808 959 1869 nempe
982 1788 1131 1850 volucrem

278 1871 328 1930 Sic
347 1870 494 1931 laudamus
513 1888 636 1949 equum,
659 1871 739 1933 facili
761 1874 807 1933 oni
827 1874 948 1952 plurima
969 1871 1064 1951 palma

277 1952 387 2015 Fervet
409 1963 439 2014 et
459 1954 584 2015 exsultat
604 1970 693 2015 rauco
712 1958 835 2016 victoria
857 1959 948 2016 circo.
1075 1990 1078 1995 ·

277 2036 392 2100 Nobilis
413 2036 476 2114 hic,
499 2056 680 2119 quocumque
700 2042 780 2101 venit
801 2039 838 2101 de
859 2040 999 2119 gramine,
1021 2041 1103 2100 cuius
1229 2052 1264 2105 60

279 2116 366 2181 Clara
388 2120 456 2200 fuga
478 2131 543 2183 ante
563 2122 637 2183 alios
659 2126 817 2202 etprimus
839 2126 868 2184 in
890 2141 1019 2201 aequore
1041 2124 1151 2202 puluis;

279 2204 338 2265 Sed
355 2204 459 2265 venale
480 2222 572 2285 pecus
594 2202 764 2285 Coryphaei
785 2208 940 2287 posteritas
962 2215 991 2266 et

278 2287 406 2367 Hirpini,
429 2290 453 2347 si
474 2306 539 2350 rara
561 2290 628 2367 iugo
651 2292 775 2351 victoria
796 2292 880 2351 sedit.

278 2370 325 2431 Nil
346 2372 386 2431 ibi
407 2373 736 2453 maiorum'respectus,
759 2377 852 2453 gratia
874 2374 952 2435 nulla

200 2484 206 2491 ·
278 2452 465 2528 Umbrarum3
489 2457 620 2517 dominos
642 2460 743 2535 pretiis
765 2468 876 2519 mutare
892 2458 1025 2520 iubentur
1228 2466 1264 2521 bb

278 2537 400 2615 Exiguis
423 2541 490 2599 trito
513 2548 543 2599 et
564 2540 670 2600 ducunt
692 2542 824 2621 epiredia
847 2542 925 2602 collo

279 2622 464 2701 Seguipedes
486 2623 622 2701 dignique
643 2625 749 2684 molam
770 2644 891 2685 versare
912 2634 1045 2704 nepotes.

278 2704 377 2782 Ergo,
399 2714 430 2765 ut
452 2707 587 2776 miremur
606 2716 652 2783 te,
675 2724 733 2767 uon
754 2716 819 2784 tua,
841 2709 952 2787 privum
970 2707 1077 2786 aliquid
1099 2707 1144 2784 da,

279 2787 365 2861 Quod
386 2790 495 2867 possim
518 2788 607 2849 titulis
628 2791 758 2851 incidere
781 2800 900 2870 praeter
920 2792 1059 2866 bonores,

279 2871 360 2945 Quos
382 2872 440 2931 illis
462 2872 561 2933 damus
583 2890 618 2934 ac
639 2874 786 2950 dedimus,
809 2875 914 2954 quibus
937 2877 1031 2936 omnia
1052 2873 1154 2935 debes.
1229 2880 1265 2935 ‘lb

320 2953 400 3015 llaec
419 2957 488 3017 satis
508 2957 543 3017 ad
563 2957 713 3034 iuvenem,
733 2977 820 3037 quern
841 2954 926 3019 uobis
942 2960 1017 3020 lanua
1039 2957 1195 3036 superbum

279 3036 379 3098 'lradlt
400 3047 429 3097 et
450 3039 575 3099 inflatum
597 3040 771 3123 plenumque
792 3043 910 3104 Nerone
932 3043 1105 3122 propinquo.

278 3120 372 3181 Rarus
393 3123 467 3182 enim
489 3122 581 3182 lerme
603 3144 707 3185 sensus
726 3131 883 3187 eommunis
905 3127 1002 3186 imilla

278 3203 419 3275 Fortuna;
439 3206 491 3266 sed
510 3215 540 3265 te
563 3211 678 3270 censeri
700 3210 785 3271 laude
807 3220 930 3284 tuorum,
1101 3268 1111 3283 κ

278 3286 414 3365 Pontice,
439 3284 580 3351 noluerim
603 3294 645 3353 sic
667 3302 698 3353 ut
718 3294 788 3353 nibil
809 3295 874 3371 ipse
896 3293 1008 3351 futurae
1229 3298 1264 3353 ib

278 3370 382 3433 Laudis
407 3390 487 3451 agas.
532 3370 667 3435 Miserum
689 3384 737 3434 est
758 3376 879 3435 aliomm
899 3374 1067 3435 incumbere
1089 3375 1193 3449 lamae,

278 3434 323 3514 Ne
346 3455 476 3536 collapsa
498 3468 581 3517 ruant
602 3458 751 3517 subductis
772 3466 851 3518 tecta
872 3459 1022 3519 columnis.

279 3538 391 3599 Stratus
413 3540 489 3601 humi
510 3541 623 3617 palmes
642 3541 743 3601 viduas
764 3541 912 3603 desiderat
928 3542 1031 3602 ulmos

278 3616 350 3681 Esto
372 3623 465 3682 bouus
485 3623 579 3700 miles,
602 3630 680 3684 tutor
700 3624 810 3702 bonus,
832 3627 943 3687 arbiter
962 3624 1038 3685 idem

279 3702 413 3783 Integer:
434 3705 587 3783 ambiguae
610 3709 635 3767 si
657 3710 772 3787 quando
795 3710 925 3771 citabere
947 3710 1031 3770 testis
1229 3714 1266 3766 80
