3050 4484
667 493 791 541 suumn
813 494 837 541 1.

218 635 324 714 'lpse,
349 633 514 692 lacernatae
535 647 674 708 quumse
695 634 817 692 iactaret
839 633 961 692 amicae!

245 718 348 778 Nonne
371 716 441 775 libet
459 714 556 774 medio
577 733 661 774 ceras
684 715 807 794 implere
829 734 954 794 capaces

246 800 422 876 Quadrivio‚
446 817 530 877 quum
548 799 604 858 iam
629 808 711 859 sexta
734 801 852 858 ceruice
873 800 998 875 lerator,

245 885 318 945 Hinc
340 892 426 961 atque
448 881 513 941 inde
534 883 637 960 patens
659 901 695 942 ac
716 884 791 942 nuda
813 901 908 961 paene
931 883 1069 944 cathedra
1196 891 1248 944 db*

245 967 282 1028 Et
304 967 421 1026 multum
440 965 574 1024 referens
596 967 632 1026 de
655 965 827 1026 Maecenate
850 968 972 1044 supino,

246 1053 383 1128 signator
405 1049 497 1123 laiso,
523 1050 571 1126 qui
594 1067 627 1108 se
650 1050 757 1109 lautum
780 1059 868 1128 atque
890 1051 1004 1110 beatum

245 1133 365 1211 Exiguis
386 1133 490 1198 tabulis
513 1141 542 1192 ct
561 1149 674 1215 gemma
694 1134 807 1194 fecerat
825 1131 904 1194 uda?

246 1217 379 1278 Occurrit
397 1225 526 1276 matrona
548 1225 672 1293 potens,
697 1235 772 1294 quae
793 1217 882 1276 molle
906 1215 1044 1276 Calenum

109 1327 110 1334 ¹
133 1367 136 1372 f
244 1302 418 1362 Porrectura
438 1301 501 1358 viro
521 1301 623 1358 miscet
644 1301 759 1359 sitiente
780 1300 925 1374 rubetam,
1197 1305 1236 1360 io

127 1415 133 1426 ·
244 1385 429 1462 instituitque
449 1382 538 1442 rudes
555 1383 658 1441 melior
679 1382 802 1442 Lucusta
824 1386 1004 1462 propinquas

244 1469 301 1528 Per
322 1467 425 1526 lamam
447 1474 476 1524 et
497 1465 635 1544 populum
656 1467 757 1542 nigros
782 1467 888 1526 efferre
907 1469 1036 1526 maritos.

245 1550 330 1611 Audc
351 1549 458 1627 aliquid
481 1547 618 1608 brevibus
643 1547 745 1624 Gyaris
769 1559 798 1609 ct
820 1568 941 1610 carcere
963 1550 1095 1626 dignum,

245 1637 276 1696 Si
294 1635 339 1692 vis
362 1651 429 1692 esse
451 1631 575 1710 aliquid:
599 1633 729 1711 probitas
754 1634 886 1694 laudatur
902 1643 933 1694 et
954 1634 1045 1710 alget,

246 1716 417 1778 Criminibus
440 1715 547 1776 debent
567 1717 683 1792 hortos,
707 1719 871 1795 praetoria,
893 1734 1026 1792 mensas,
1196 1725 1233 1779 ts

245 1804 403 1879 Argentum
423 1809 506 1859 vetus
529 1810 557 1860 et
578 1809 700 1860 stantem
722 1810 804 1861 extra
827 1803 934 1880 pocula
956 1819 1083 1879 caprum.

246 1885 336 1960 Quem
358 1885 464 1962 patitur
486 1884 612 1944 dormire
632 1903 719 1943 nurus
744 1893 899 1963 corruptor
920 1901 1041 1957 avarae,

246 1969 337 2042 Quem
360 1983 486 2046 sponsae
509 1976 609 2046 turpes
632 1977 661 2027 et
680 1978 878 2046 praetextatus
902 1966 1036 2028 adulter?

246 2053 276 2112 Si
297 2061 396 2111 natura
419 2059 522 2128 negat,
544 2051 613 2110 lacit
633 2052 793 2128 indignatio
814 2068 945 2127 versum,
1033 2079 1041 2086 ·

136 2147 142 2156 ’
246 2135 482 2212 Qualcmcunque
504 2144 620 2212 potest⁷
644 2137 746 2214 quales
770 2145 827 2214 ego
848 2137 897 2196 vel
920 2134 1085 2196 Cluuienus.
1195 2140 1238 2193 80·

307 2217 353 2278 Ex
376 2235 433 2296 quo
456 2217 617 2277 Deucalion
637 2218 738 2278 nimbis
758 2220 928 2279 tollentibus
946 2235 1059 2295 aequor

244 2299 368 2378 Navigio
390 2309 516 2360 montem
538 2301 668 2360 ascendit
687 2311 843 2380 sortesque
865 2304 1018 2382 poposcit,

245 2385 441 2460 Paulatimque
464 2386 555 2442 anima
578 2383 727 2444 caluerunt
747 2379 955 2460 mollia'saxa‚

245 2467 283 2527 Et
305 2467 430 2526 maribus
450 2467 542 2538 podas
564 2467 690 2528 ostendit
712 2467 822 2544 Pyrrha
845 2469 989 2548 puellas,-

247 2551 391 2630 Quidquid
409 2559 496 2628 agunt
511 2550 658 2628 homines,
674 2561 789 2629 votum,
805 2554 905 2628 timor,
923 2554 980 2627 ira,
996 2551 1149 2630 voluptas,
1193 2561 1227 2614 85

246 2634 369 2712 Gaudia,
394 2634 560 2711 discursus,
583 2639 673 2696 nostri
695 2637 813 2713 larrago
835 2637 927 2697 libelli
949 2644 1004 2696 est.

246 2717 284 2780 Et
305 2717 418 2797 quando
441 2719 560 2778 uberior
580 2722 714 2780 vitiorum
737 2719 844 2798 copia?
866 2721 979 2799 quando

142 2865 145 2872 ,
245 2801 337 2862 Maior
360 2803 497 2863 auaritiae
519 2805 608 2880 patuit
628 2801 728 2862 sinus?
751 2805 816 2863 alea
838 2804 952 2882 quando

245 2885 305 2946 Hcs
325 2883 456 2946 animos?
477 2901 573 2962 neque
596 2889 669 2945 euim
692 2887 798 2946 loculis
819 2887 1020 2946 comitantibus
1041 2888 1098 2946 itur

245 2969 291 3030 Ad
316 2987 413 3029 casum
434 2969 565 3042 tabulae,
586 2971 680 3046 posita
701 2970 753 3029 sed
775 2969 883 3028 luditur
904 2987 982 3030 arca.
1196 2979 1232 3032 90

211 3123 214 3128 ¹
245 3053 360 3113 Proelia
383 3062 488 3132 quanta
506 3052 568 3111 illic
588 3052 791 3130 dispensatore
814 3051 926 3112 videbis

246 3135 416 3211 Armigerol
439 3135 601 3214 simplexne
620 3135 701 3196 lurcr
723 3137 859 3195 sestertia
881 3144 995 3196 centum

146 3229 157 3236 “’
245 3216 374 3290 Perdere
398 3229 426 3277 ct
445 3220 574 3280 horrenti
596 3221 719 3279 tunicam
741 3236 799 3277 non
820 3220 944 3280 reddere
967 3218 1076 3278 servo?

248 3301 319 3375 Quis
342 3301 459 3376 totidem
482 3304 576 3362 erexit
597 3304 698 3378 villas,
722 3304 786 3380 quis
804 3302 917 3362 fercula
938 3311 1051 3381 septem

248 3385 371 3446 Secreto
395 3388 527 3446 coenavit
546 3383 639 3446 amsi
659 3403 734 3444 nunc
754 3386 884 3465 sportula
904 3388 997 3464 primo
1194 3391 1230 3444 95

246 3467 354 3528 Limine
377 3469 587 3546 parva-sedet,
610 3469 712 3529 turbae
730 3469 869 3548 rapienda
890 3479 1023 3546 togatae:

246 3550 303 3620 lllc
324 3550 419 3612 ta'meu
441 3552 546 3612 faciem
565 3555 645 3631 prius
666 3553 782 3631 inspicit
803 3562 834 3614 ct
853 3553 995 3632 trepidat,
1017 3570 1054 3611 ne

248 3636 423 3713 Suppositus
444 3638 544 3710 uenias
567 3654 602 3696 ac
619 3637 694 3697 falso
712 3638 827 3697 nomine
848 3652 965 3716 poscas.

249 3717 369 3796 Agnitus
392 3721 534 3801 accipies;
557 3719 636 3781 iubet
657 3738 674 3782 s
694 3737 842 3800 praecone
864 3720 966 3779 vocari
1008 3801 1024 3835 ῃ
