3050 4484
116 547 122 591 l

612 500 738 548 SATIRA
758 500 810 547 11.

227 638 356 718 Namque
381 639 418 699 ibi
440 636 572 697 fortunae
596 639 709 697 veniam
733 639 843 699 damus.
883 637 958 697 ntea
978 640 1080 717 turpis,

228 722 323 801 Turpe
346 732 374 782 et
398 722 567 783 adulterium
591 720 800 791 mediocribus;
827 722 902 781 haec
928 721 1029 781 eadem
1053 720 1096 781 illi

227 804 325 866 Omnia
350 823 435 885 quum
462 806 587 880 faciunt,
612 804 719 867 hilares
744 805 883 883 nitidique
905 814 1054 864 vocantur.

115 892 116 903 ¹
225 889 331 949 Nostra
358 888 465 949 dabunt
490 887 564 949 alios
587 888 673 949 hodie
698 891 830 950 convivia
854 888 957 948 ludos:

227 973 366 1034 Conditor
387 971 493 1032 iliados
518 971 678 1031 cantabitur
700 982 788 1051 atque
808 969 935 1031 blaronis

226 1056 350 1117 Altisoni
376 1054 489 1115 dubium
509 1055 644 1117 facientia
666 1058 792 1115 carmina
815 1054 947 1133 palmam.

227 1139 300 1215 Quid
322 1138 427 1213 refert,
450 1138 525 1197 tales
552 1156 656 1198 versus
683 1158 740 1219 qua
765 1155 840 1199 voce
865 1132 1017 1215 legantur?

267 1222 326 1282 Sed
351 1240 425 1282 nunc
449 1221 543 1281 dilatis
566 1231 666 1281 averte
687 1223 806 1300 negotia
833 1226 909 1281 curis

226 1306 263 1366 Et
287 1315 398 1383 gratam
420 1306 550 1383 requiem
576 1305 651 1365 dona
668 1305 734 1381 tibi,
762 1306 877 1383 quando
898 1303 1000 1364 licebit

225 1391 281 1466 Per
302 1398 393 1449 totum
418 1406 536 1447 cessare
559 1389 649 1457 diem;
675 1406 733 1448 non
753 1390 864 1448 fenoris
889 1388 949 1447 ulla

225 1472 333 1533 bientio
356 1490 427 1548 nec,
456 1473 546 1550 prima
569 1473 594 1531 si
616 1473 683 1533 luce
710 1491 832 1550 egressa
852 1473 963 1531 reverti

225 1556 319 1617 Nocte
341 1556 433 1632 solet,
459 1557 547 1615 tacito
570 1554 657 1616 bilem
679 1556 731 1616 tibi
755 1556 1012 1630 condonaturum

225 1640 345 1701 Humida
367 1642 512 1719 suspectis
537 1640 671 1700 referens
696 1640 823 1699 multicia
845 1640 925 1717 rugis

224 1724 414 1802 vexatasque
439 1740 536 1783 comas
566 1732 595 1785 ct
616 1724 725 1783 vultum
748 1740 905 1814 aureumque
929 1721 1080 1799 calentem.

225 1807 361 1877 Protinus·
380 1814 446 1867 ante
469 1823 563 1866 meum
585 1808 721 1885 quidquid
747 1807 828 1867 dolet
850 1824 924 1866 exue
946 1806 1043 1879 limen,

226 1890 304 1951 Pone
325 1890 438 1951 domum
461 1900 490 1950 et
514 1908 617 1949 servos
642 1901 671 1950 ct
696 1891 834 1969 quidquid
858 1890 999 1966 frangitur
1022 1888 1081 1949 illis

226 1974 284 2041 Aut
305 1974 396 2051 perit;
423 1976 552 2051 ingratos
575 1984 640 2034 ante
666 1976 759 2033 omnia
782 1992 859 2052 pone
885 1972 1013 2033 sodales.

226 2056 341 2117 interea
363 2056 578 2133 Megalesiacae
604 2058 773 2135 spectacula
796 2074 920 2134 mappae

225 2140 342 2201 idaeum
367 2140 508 2199 sollemne
534 2140 649 2216 colunt,
675 2140 836 2218 similisque
857 2135 1002 2217 triumpho

226 2224 336 2285 Praeda
359 2223 536 2284 caballorum
559 2233 678 2303 praetor
699 2224 784 2283 sedet
805 2242 855 2299 ac,
881 2222 949 2281 mibi
972 2238 1046 2300 pace

119 2304 125 2315 ’
226 2308 385 2369 Immensae
410 2309 572 2387 nimiaeque
597 2307 666 2367 licet
687 2310 711 2367 si
732 2308 832 2367 dicere
854 2306 961 2384 plebis,

227 2390 329 2452 Totam
352 2390 439 2451 bodie
461 2390 580 2451 Romam
602 2393 697 2451 circus
720 2392 797 2469 capit
820 2398 852 2449 et
868 2391 969 2466 fragor
989 2405 1087 2448 aurem

226 2474 369 2551 Percutit,
396 2484 530 2534 eventum
552 2473 650 2534 viridis
677 2493 734 2553 quo
763 2474 872 2551 colligo
895 2473 990 2553 panni.

226 2558 298 2619 Nam
320 2561 345 2618 si
369 2558 524 2633 deficeret,
552 2568 689 2618 maestam
714 2561 921 2636 attonitamque
939 2556 1057 2615 videres

225 2642 307 2702 Hanc
330 2642 448 2719 urbem,
472 2642 563 2701 veluti
589 2641 748 2703 Cannarum
769 2644 798 2701 in
816 2642 939 2724 pulvere
964 2640 1049 2699 victis
1154 2648 1207 2702 too

228 2724 414 2786 Consulibus.
452 2726 592 2804 Spectent
614 2728 751 2803 iuvenes,
777 2743 851 2804 quos
876 2726 985 2786 clamor
1008 2732 1037 2782 et
1060 2722 1153 2782 audax

227 2812 371 2888 sponsio,
397 2826 470 2888 quos
496 2810 591 2869 cultae
614 2810 700 2870 decet
725 2810 873 2871 assedisse
896 2808 1030 2887 puellae;
1084 2856 1089 2865 .

227 2892 334 2953 Nostra
360 2892 439 2953 bibat
459 2910 578 2953 vernum
604 2904 751 2953 contracta
773 2893 899 2953 cuticula
921 2892 1015 2950 solem

227 2976 413 3055 ttnugiatque
439 2984 546 3053 togam.
583 2974 642 3036 lam
665 2996 740 3037 nunc
760 2979 789 3036 in
809 2976 914 3034 balnea
934 2974 1015 3034 salva

227 3058 335 3120 Fronte
358 3061 428 3121 licet
450 3060 557 3136 vadas,
582 3069 753 3139 quamquam
775 3058 869 3119 solida
892 3058 964 3117 liora
988 3055 1115 3135 supersit
1155 3066 1207 3119 tot

228 3143 275 3203 dd
298 3153 418 3205 sextam.
460 3142 571 3212 Facere
596 3144 653 3203 hoc
674 3162 731 3203 non
755 3144 852 3222 possis
873 3144 998 3221 quinque
1020 3140 1123 3201 diebus

230 3224 397 3303 continuis,
417 3229 484 3306 quia
508 3237 573 3287 sunt
595 3228 659 3288 talis
684 3245 800 3307 quoque
824 3226 918 3285 media
939 3226 1017 3284 vitae

228 3308 345 3390 lingna
369 3311 535 3389 voluptates
558 3314 737 3374 commendat
758 3313 852 3371 rarior
873 3327 952 3369 usus.
